,OperatingRevenue,Revenue,CostofGoodsSold,GrossProfit,SalesandMarketingExpense,GeneralandAdministrativeExpense,SG&AExpense,ResearchandDevelopmentExpense,AmortizationExpense,SpecialIncomeandCharges,OperatingInterestExpense,OperatingInterestIncome,NetOperatingInterestIncome,OtherOperatingExpenses,TotalOperatingExpenses,OperatingIncome,Non-OperatingInterestIncome,Non-OperatingInterestExpense,NetNon-OperatingInterestIncomeExpense,OtherIncomeandExpenses,NetInterestIncome,Pre-TaxIncome,ProvisionforIncomeTaxes,IncomefromContinuingOperations,IncomeAttributabletoMinorityInterest,EBITDA,ReconciledDepreciation,EBIT,,BasicEPS(Quarterly),NormalizedBasicEPS,EPSBasic,,DilutedEPS(Quarterly),EPSDilutedfromContinuingOperations,EPSDiluted,,SharesData(Quarterly),,SECFilingLinks,AsOriginallyReported,Restated
2020-09,1.347B,1.347B,415.10M,931.80M,125.60M,95.70M,221.30M,57.00M,10.20M,-10.50M,25.00M,0.30M,-24.70M,,288.50M,643.30M,0.30M,25.00M,-24.70M,-1.50M,-24.70M,617.10M,123.50M,493.60M,1.30M,736.40M,94.30M,642.10M,,2020-09,1.932,1.90,,2020-09,1.88,1.88,,2020-09,,2020-09,AOR,
2020-06,822.90M,822.90M,356.80M,466.10M,103.50M,105.30M,208.80M,55.10M,10.20M,-1.00M,27.40M,0.50M,-26.90M,,274.10M,192.00M,0.50M,27.40M,-26.90M,3.30M,-26.90M,168.40M,32.00M,136.40M,1.50M,289.40M,93.60M,195.80M,,2020-06,0.5331,0.53,,2020-06,0.53,0.53,,2020-06,,2020-06,AOR,
2020-03,756.10M,756.10M,360.30M,395.80M,110.60M,66.50M,177.10M,49.30M,10.10M,-2.90M,31.30M,1.30M,-30.00M,,236.50M,159.30M,1.30M,31.30M,-30.00M,-10.40M,-30.00M,118.90M,24.10M,94.80M,1.50M,243.90M,93.70M,150.20M,,2020-03,0.3788,0.37,,2020-03,0.36,0.36,,2020-03,,2020-03,AOR,
2019-12,850.50M,850.50M,416.70M,433.80M,144.90M,88.50M,233.40M,61.20M,9.10M,-5.30M,32.80M,2.10M,-30.70M,,303.70M,130.10M,2.10M,32.80M,-30.70M,-2.00M,-30.70M,97.40M,-288.40M,385.80M,0.30M,224.60M,94.40M,130.20M,,2019-12,1.454,1.44,,2019-12,1.43,1.43,,2019-12,,2019-12,AOR,
2019-09,865.90M,865.90M,616.40M,249.50M,141.80M,83.80M,225.60M,60.40M,11.90M,-37.70M,34.80M,1.30M,-33.50M,,297.90M,-48.40M,1.30M,34.80M,-33.50M,-40.80M,-33.50M,-122.70M,0.80M,-123.50M,0.00,25.50M,113.40M,-87.90M,,2019-09,0.2523,0.15,,2019-09,0.15,0.15,,2019-09,,2019-09,AOR,Restated
2019-06,852.40M,852.40M,407.60M,444.80M,143.60M,79.90M,223.50M,61.40M,11.90M,-2.70M,35.10M,1.20M,-33.90M,,296.80M,148.00M,1.20M,35.10M,-33.90M,0.20M,-33.90M,114.30M,20.40M,93.90M,0.00,262.70M,113.30M,149.40M,,2019-06,0.3583,0.35,,2019-06,0.35,0.35,,2019-06,,2019-06,AOR,Restated
2019-03,818.40M,818.40M,776.00M,42.40M,133.50M,89.90M,223.40M,57.30M,14.10M,-70.80M,34.80M,0.80M,-34.00M,,294.80M,-252.40M,0.80M,34.80M,-34.00M,-67.30M,-34.00M,-353.70M,-81.10M,-272.60M,0.00,-201.30M,117.60M,-318.90M,,2019-03,-0.8073,-1.01,,2019-03,-1.01,-1.01,,2019-03,,2019-03,AOR,Restated
2018-12,830.70M,830.70M,396.60M,434.10M,146.00M,78.60M,224.60M,53.20M,14.10M,-2.50M,36.10M,1.30M,-34.80M,,291.90M,142.20M,1.30M,36.10M,-34.80M,-3.10M,-34.80M,104.30M,5.70M,98.60M,0.00,259.20M,118.80M,140.40M,,2018-12,0.3687,0.36,,2018-12,0.36,0.36,,2018-12,,2018-12,AOR,Restated
2018-09,813.40M,813.40M,392.40M,421.00M,133.50M,118.10M,251.60M,52.70M,14.90M,-2.80M,34.30M,1.90M,-32.40M,,319.20M,101.80M,1.90M,34.30M,-32.40M,1.90M,-32.40M,71.30M,20.80M,50.50M,,224.70M,119.10M,105.60M,,2018-09,0.1973,0.19,,2018-09,0.18,0.18,,2018-09,,2018-09,AOR,Restated
2018-06,824.00M,824.00M,388.00M,436.00M,141.10M,86.30M,227.40M,54.40M,15.30M,-5.80M,34.50M,1.50M,-33.00M,,297.10M,138.90M,1.50M,34.50M,-33.00M,-0.60M,-33.00M,105.30M,-7.60M,112.90M,,260.30M,120.50M,139.80M,,2018-06,0.4255,0.41,,2018-06,0.41,0.41,,2018-06,,2018-06,AOR,Restated
2018-03,789.30M,789.30M,374.20M,415.10M,130.50M,83.80M,214.30M,56.80M,14.70M,-778.40M,38.90M,2.10M,-36.80M,,285.80M,129.30M,2.10M,38.90M,-36.80M,-783.50M,-36.80M,-691.00M,-9.60M,-681.40M,,-532.60M,119.50M,-652.10M,,2018-03,0.3096,-2.46,,2018-03,-2.46,-2.46,,2018-03,,2018-03,AOR,Restated
2017-12,791.10M,791.10M,366.60M,424.50M,139.50M,77.90M,217.40M,54.80M,14.40M,-4.80M,41.00M,0.80M,-40.20M,,286.60M,137.90M,0.80M,41.00M,-40.20M,-1.90M,-40.20M,95.80M,-310.90M,406.70M,,258.00M,121.20M,136.80M,,2017-12,1.480,1.47,,2017-12,1.45,1.45,,2017-12,,2017-12,AOR,Restated
2017-09,802.90M,802.90M,385.00M,417.90M,139.80M,90.60M,230.40M,60.50M,15.20M,-3.10M,36.10M,0.50M,-35.60M,,306.10M,111.80M,0.50M,36.10M,-35.60M,-3.90M,-35.60M,72.30M,-10.40M,82.70M,,228.90M,120.50M,108.40M,,2017-09,0.3067,0.30,,2017-09,0.29,0.29,,2017-09,,2017-09,AOR,Restated
2017-06,806.10M,806.10M,396.50M,409.60M,145.40M,65.50M,210.90M,62.50M,15.20M,-8.60M,39.10M,1.10M,-38.00M,,288.60M,121.00M,1.10M,39.10M,-38.00M,-8.50M,-38.00M,74.50M,15.00M,59.50M,,231.90M,118.30M,113.60M,,2017-06,0.2345,0.21,,2017-06,0.21,0.21,,2017-06,,2017-06,AOR,Restated
2017-03,715.40M,715.40M,326.70M,388.70M,103.40M,117.40M,220.80M,55.40M,10.80M,898.10M,37.50M,1.90M,-35.60M,,287.00M,101.70M,1.90M,37.50M,-35.60M,901.50M,-35.60M,967.60M,440.80M,526.80M,,1.100B,95.10M,1.005B,,2017-03,-0.0430,1.88,,2017-03,1.84,1.84,,2017-03,,2017-03,AOR,Restated
2016-12,734.40M,734.40M,329.60M,404.80M,110.00M,69.80M,179.80M,54.40M,21.40M,-3.20M,40.40M,0.30M,-40.10M,,255.60M,149.20M,0.30M,40.40M,-40.10M,7.00M,-40.10M,116.10M,29.60M,86.50M,,271.80M,115.30M,156.50M,,2016-12,0.3186,0.31,,2016-12,0.30,0.30,,2016-12,,2016-12,AOR,Restated
2016-09,726.90M,726.90M,320.80M,406.10M,105.90M,65.30M,171.20M,62.50M,22.40M,-3.80M,37.90M,0.10M,-37.80M,,256.10M,150.00M,0.10M,37.90M,-37.80M,-4.70M,-37.80M,107.50M,15.40M,92.10M,,260.00M,114.60M,145.40M,,2016-09,0.3417,0.33,,2016-09,0.33,0.33,,2016-09,,2016-09,AOR,Restated
2016-06,717.40M,717.40M,324.30M,393.10M,109.00M,62.50M,171.50M,58.80M,21.90M,-1.50M,39.10M,0.20M,-38.90M,,252.20M,140.90M,0.20M,39.10M,-38.90M,-0.90M,-38.90M,101.10M,16.30M,84.80M,,261.10M,120.90M,140.20M,,2016-06,0.3145,0.31,,2016-06,0.30,0.30,,2016-06,,2016-06,AOR,Restated
2016-03,693.30M,693.30M,308.30M,385.00M,100.80M,62.40M,163.20M,59.10M,22.80M,-8.30M,39.10M,0.20M,-38.90M,,245.10M,139.90M,0.20M,39.10M,-38.90M,-9.10M,-38.90M,91.90M,23.00M,68.90M,,245.00M,114.00M,131.00M,,2016-03,0.2620,0.24,,2016-03,0.24,0.24,,2016-03,,2016-03,AOR,Restated
2015-12,695.20M,695.20M,316.10M,379.10M,99.40M,77.00M,176.40M,51.70M,22.60M,-2.30M,39.20M,0.20M,-39.00M,,250.70M,128.40M,0.20M,39.20M,-39.00M,25.30M,-39.00M,114.70M,29.80M,84.90M,,269.80M,115.90M,153.90M,,2015-12,0.3060,0.30,,2015-12,0.29,0.29,,2015-12,,2015-12,AOR,Restated
2015-09,702.80M,702.80M,323.40M,379.40M,99.70M,66.30M,166.00M,53.70M,27.40M,-44.40M,51.20M,0.30M,-50.90M,,247.10M,132.30M,0.30M,51.20M,-50.90M,-56.00M,-50.90M,25.40M,0.30M,25.10M,,198.90M,122.30M,76.60M,,2015-09,0.2455,0.09,,2015-09,0.09,0.09,,2015-09,,2015-09,AOR,Restated
2015-06,693.90M,693.90M,315.20M,378.70M,94.30M,73.10M,167.40M,56.00M,27.40M,-30.10M,52.40M,0.30M,-52.10M,,250.80M,127.90M,0.30M,52.40M,-52.10M,-29.10M,-52.10M,46.70M,17.30M,29.40M,,219.60M,120.50M,99.10M,,2015-06,0.1673,0.10,,2015-06,0.10,0.10,,2015-06,,2015-06,AOR,Restated
2015-03,655.50M,655.50M,319.50M,336.00M,83.00M,60.30M,143.30M,53.30M,27.60M,-2.00M,49.40M,0.30M,-49.10M,,224.20M,111.80M,0.30M,49.40M,-49.10M,-1.90M,-49.10M,60.80M,13.00M,47.80M,,236.80M,126.60M,110.20M,,2015-03,0.1756,0.17,,2015-03,0.17,0.17,,2015-03,,2015-03,AOR,Restated
2014-12,652.80M,652.80M,314.20M,338.60M,86.00M,61.30M,147.30M,52.00M,27.80M,-14.70M,52.50M,0.40M,-52.10M,,227.10M,111.50M,0.40M,52.50M,-52.10M,-15.30M,-52.10M,44.10M,14.90M,29.20M,,218.60M,122.00M,96.60M,,2014-12,0.1349,0.10,,2014-12,0.10,0.10,,2014-12,,2014-12,AOR,Restated
2014-09,660.60M,660.60M,315.60M,345.00M,86.70M,65.20M,151.90M,52.10M,28.80M,-20.20M,52.50M,0.50M,-52.00M,,232.80M,112.20M,0.50M,52.50M,-52.00M,-21.60M,-52.00M,38.60M,10.50M,28.10M,,222.50M,131.40M,91.10M,,2014-09,0.1529,0.10,,2014-09,0.10,0.10,,2014-09,,2014-09,AOR,Restated
2014-06,632.60M,632.60M,319.80M,312.80M,83.00M,64.70M,147.70M,52.50M,29.70M,-6.70M,52.40M,0.30M,-52.10M,,229.90M,82.90M,0.30M,52.40M,-52.10M,-8.20M,-52.10M,22.60M,11.30M,11.30M,,208.90M,133.90M,75.00M,,2014-06,0.0557,0.04,,2014-06,0.04,0.04,,2014-06,,2014-06,AOR,Restated
2014-03,625.00M,625.00M,342.90M,282.10M,78.70M,62.10M,140.80M,49.90M,29.10M,-16.50M,54.40M,0.10M,-54.30M,,219.80M,62.30M,0.10M,54.40M,-54.30M,-19.80M,-54.30M,-11.80M,5.00M,-16.80M,,172.70M,130.10M,42.60M,,2014-03,-0.0209,-0.06,,2014-03,-0.06,-0.06,,2014-03,,2014-03,AOR,Restated
2013-12,612.50M,612.50M,306.90M,305.60M,83.30M,67.80M,151.10M,48.70M,26.20M,-21.20M,61.30M,0.30M,-61.00M,,226.00M,79.60M,0.30M,61.30M,-61.00M,-20.00M,-61.00M,-1.40M,3.90M,-5.30M,,187.70M,127.80M,59.90M,,2013-12,0.0305,-0.02,,2013-12,-0.02,-0.02,,2013-12,,2013-12,AOR,Restated
2013-09,622.10M,622.10M,331.50M,290.60M,76.70M,48.00M,124.70M,48.70M,26.70M,-1.133B,65.80M,0.50M,-65.30M,,200.10M,90.50M,0.50M,65.80M,-65.30M,-1.130B,-65.30M,-1.105B,9.00M,-1.114B,,-906.50M,132.60M,-1.039B,,2013-09,-1.422,-4.14,,2013-09,-4.14,-4.14,,2013-09,,2013-09,AOR,Restated
2013-06,626.10M,626.10M,316.30M,309.80M,82.90M,60.50M,143.40M,47.80M,28.70M,-28.80M,67.20M,0.30M,-66.90M,,219.90M,89.90M,0.30M,67.20M,-66.90M,-30.00M,-66.90M,-7.00M,4.00M,-11.00M,,189.17M,128.97M,60.20M,,2013-06,0.0295,-0.04,,2013-06,-0.04,-0.04,,2013-06,,2013-06,AOR,Restated
2013-03,612.66M,612.66M,333.34M,279.33M,88.61M,64.23M,152.85M,49.62M,28.67M,-45.90M,76.05M,0.207M,-75.84M,,231.14M,48.19M,0.207M,76.05M,-75.84M,-46.10M,-75.84M,-73.75M,-22.64M,-51.10M,,128.58M,126.28M,2.301M,,2013-03,-0.0714,-0.19,,2013-03,-0.19,-0.19,,2013-03,,2013-03,AOR,Restated
2012-12,631.36M,631.36M,349.69M,281.67M,94.44M,54.39M,148.83M,51.51M,28.53M,10.42M,72.08M,0.26M,-71.82M,,228.87M,52.80M,0.26M,72.08M,-71.82M,11.66M,-71.82M,-7.353M,-10.47M,3.118M,,192.88M,128.16M,64.73M,,2012-12,-0.0154,0.01,,2012-12,0.01,0.01,,2012-12,,2012-12,AOR,Restated
2012-09,588.50M,588.50M,314.22M,274.28M,89.93M,88.74M,178.67M,47.13M,24.80M,-67.35M,56.69M,0.353M,-56.33M,,250.60M,23.68M,0.353M,56.69M,-56.33M,-65.35M,-56.33M,-98.00M,-20.27M,-77.73M,,73.38M,114.70M,-41.32M,,2012-09,-0.0884,-0.29,,2012-09,-0.29,-0.29,,2012-09,,2012-09,AOR,Restated
2012-06,470.23M,470.23M,225.59M,244.64M,76.37M,43.42M,119.79M,26.23M,15.73M,-2.362M,25.59M,0.695M,-24.90M,,161.75M,82.89M,0.695M,25.59M,-24.90M,-2.984M,-24.90M,55.01M,31.41M,23.59M,,157.54M,76.94M,80.60M,,2012-06,0.0958,0.09,,2012-06,0.09,0.09,,2012-06,,2012-06,AOR,Restated
2012-03,471.16M,471.16M,245.06M,226.11M,78.54M,41.84M,120.38M,29.30M,16.63M,-92.02M,28.51M,0.59M,-27.92M,,166.31M,59.80M,0.59M,28.51M,-27.92M,-90.49M,-27.92M,-58.61M,-18.34M,-40.27M,,46.94M,77.04M,-30.10M,,2012-03,0.1847,-0.15,,2012-03,-0.15,-0.15,,2012-03,,2012-03,AOR,Restated
2011-12,472.71M,472.71M,223.34M,249.37M,77.46M,46.50M,123.96M,28.34M,14.84M,-15.47M,29.51M,0.662M,-28.85M,,167.14M,82.23M,0.662M,29.51M,-28.85M,-13.48M,-28.85M,39.90M,19.09M,20.81M,,146.54M,77.12M,69.41M,,2011-12,0.1183,0.08,,2011-12,0.08,0.08,,2011-12,,2011-12,AOR,Restated
2011-09,467.04M,467.04M,223.85M,243.20M,75.11M,40.50M,115.61M,28.88M,14.49M,73.98M,29.08M,0.508M,-28.57M,,242.82M,0.384M,0.508M,29.08M,-28.57M,69.79M,-28.57M,41.61M,14.04M,27.57M,,149.06M,78.38M,70.68M,,2011-09,-0.0870,0.10,,2011-09,0.10,0.10,,2011-09,,2011-09,AOR,Restated
2011-06,451.08M,451.08M,216.52M,234.56M,72.98M,39.76M,112.74M,29.32M,14.79M,-1.304M,28.67M,0.485M,-28.19M,3.79M,160.64M,73.92M,0.485M,28.67M,-28.19M,-1.304M,-28.19M,44.42M,8.228M,36.20M,,150.25M,77.15M,73.10M,,2011-06,0.1441,0.14,,2011-06,0.14,0.14,,2011-06,,2011-06,AOR,Restated
2011-03,438.65M,438.65M,217.96M,220.69M,70.73M,39.86M,110.58M,29.94M,14.55M,85.67M,28.18M,0.46M,-27.72M,-5.271M,149.80M,70.89M,0.46M,28.18M,-27.72M,85.67M,-27.72M,128.83M,46.38M,82.44M,,232.75M,75.74M,157.01M,,2011-03,0.1098,0.32,,2011-03,0.31,0.31,,2011-03,,2011-03,AOR,Restated
2010-12,432.57M,432.57M,207.84M,224.73M,67.91M,40.45M,108.36M,28.56M,14.50M,-31.19M,28.91M,0.407M,-28.50M,1.096M,152.51M,72.22M,0.407M,28.91M,-28.50M,-31.19M,-28.50M,12.53M,1.589M,10.94M,,114.91M,73.47M,41.44M,,2010-12,0.1449,0.04,,2010-12,0.04,0.04,,2010-12,,2010-12,AOR,Restated
2010-09,428.30M,428.30M,331.63M,96.66M,61.89M,37.47M,99.36M,27.25M,14.13M,-100.45M,29.33M,0.371M,-28.96M,,140.74M,-44.08M,0.371M,29.33M,-28.96M,-99.55M,-28.96M,-172.59M,-35.62M,-136.97M,,-70.82M,72.44M,-143.26M,,2010-09,-0.2224,-0.53,,2010-09,-0.53,-0.53,,2010-09,,2010-09,AOR,Restated
2010-06,420.69M,420.69M,210.80M,209.89M,59.42M,32.43M,91.85M,25.69M,13.57M,0.305M,33.65M,0.321M,-33.33M,,131.12M,78.77M,0.321M,33.65M,-33.33M,0.305M,-33.33M,45.75M,18.30M,27.45M,,268.14M,188.74M,79.40M,,2010-06,0.1093,0.11,,2010-06,0.10,0.10,,2010-06,,2010-06,AOR,Restated
2010-03,418.11M,418.11M,204.47M,213.64M,61.46M,37.25M,98.71M,26.74M,13.58M,-11.93M,32.32M,0.401M,-31.92M,,139.03M,74.61M,0.401M,32.32M,-31.92M,-11.93M,-31.92M,30.76M,10.14M,20.62M,,76.66M,-40.40M,63.08M,,2010-03,0.1109,0.08,,2010-03,0.08,0.08,,2010-03,,2010-03,AOR,Restated
2009-12,412.45M,412.45M,196.00M,216.44M,64.60M,41.19M,105.79M,24.62M,13.58M,0.256M,31.80M,0.185M,-31.62M,,143.99M,72.46M,0.185M,31.80M,-31.62M,0.256M,-31.62M,41.09M,15.00M,26.10M,,146.89M,73.99M,72.90M,,2009-12,0.0994,0.10,,2009-12,0.10,0.10,,2009-12,,2009-12,AOR,Restated
2009-09,402.77M,402.77M,195.96M,206.81M,56.58M,30.05M,86.62M,30.82M,12.85M,0.028M,33.25M,0.162M,-33.09M,,130.30M,76.51M,0.162M,33.25M,-33.09M,0.028M,-33.09M,43.45M,18.88M,24.57M,,147.34M,70.64M,76.70M,,2009-09,0.0999,0.10,,2009-09,0.10,0.10,,2009-09,,2009-09,AOR,Restated
2009-06,403.12M,403.12M,191.98M,211.14M,58.93M,37.04M,95.97M,23.41M,13.02M,-0.73M,34.16M,0.206M,-33.95M,,132.40M,78.75M,0.206M,34.16M,-33.95M,-0.73M,-33.95M,44.07M,13.32M,30.75M,,149.28M,71.06M,78.22M,,2009-06,0.1220,0.12,,2009-06,0.12,0.12,,2009-06,,2009-06,AOR,Restated
2009-03,402.01M,402.01M,192.44M,209.57M,58.47M,38.81M,97.28M,24.43M,12.69M,-2.341B,33.21M,0.347M,-32.86M,,134.40M,75.17M,0.347M,33.21M,-32.86M,-2.341B,-32.86M,-2.298B,11.73M,-2.310B,,-2.199B,66.05M,-2.265B,,2009-03,-3.075,-9.01,,2009-03,-9.01,-9.01,,2009-03,,2009-03,AOR,Restated
2008-12,429.23M,429.23M,199.27M,229.96M,65.00M,34.80M,99.81M,23.79M,12.64M,-3.081M,34.34M,0.446M,-33.90M,,136.24M,93.72M,0.446M,34.34M,-33.90M,-3.081M,-33.90M,56.74M,18.59M,38.16M,,157.27M,66.18M,91.09M,,2008-12,0.1581,0.15,,2008-12,0.15,0.15,,2008-12,,2008-12,,Restated
2008-09,442.51M,442.51M,202.23M,240.28M,67.79M,38.29M,106.09M,20.94M,6.542M,-197.03M,19.81M,0.799M,-19.01M,,133.57M,106.71M,0.799M,19.81M,-19.01M,-197.03M,-19.01M,-109.33M,35.04M,-144.37M,,-43.55M,45.97M,-89.52M,,2008-09,-0.0798,-0.58,,2008-09,-0.58,-0.58,,2008-09,,2008-09,,Restated
2008-06,429.49M,429.49M,184.73M,244.76M,68.48M,35.04M,103.53M,20.97M,6.267M,-5.595M,14.10M,0.604M,-13.50M,,130.76M,114.00M,0.604M,14.10M,-13.50M,-5.595M,-13.50M,94.91M,33.53M,61.38M,,154.12M,45.11M,109.01M,,2008-06,0.2542,0.24,,2008-06,0.24,0.24,,2008-06,,2008-06,,Restated
2008-03,431.05M,431.05M,191.41M,239.64M,68.26M,39.73M,107.99M,19.36M,6.169M,-0.159M,19.34M,0.871M,-18.47M,,133.53M,106.11M,0.871M,19.34M,-18.47M,-0.159M,-18.47M,87.48M,31.50M,55.99M,,152.13M,45.30M,106.82M,,2008-03,0.2204,0.22,,2008-03,0.22,0.22,,2008-03,,2008-03,,Restated
2007-12,371.44M,371.44M,203.61M,167.84M,,,91.32M,20.15M,6.249M,-372.92M,,,,2.90M,120.62M,47.22M,,,,-372.92M,,-352.20M,6.405M,-358.61M,,83.78M,36.56M,47.22M,,2007-12,-0.5374,-1.655,,2007-12,-1.655,-1.655,,2007-12,,2007-12,,
2007-09,202.56M,202.56M,105.02M,97.55M,,,38.35M,11.26M,1.439M,,,,,,51.05M,46.50M,,,,,,47.73M,15.62M,32.11M,,54.39M,7.891M,46.50M,,2007-09,0.295,0.295,,2007-09,0.29,0.29,,2007-09,,2007-09,,
2007-06,191.50M,191.50M,101.39M,90.11M,,,37.38M,11.41M,1.383M,,,,,,50.18M,39.93M,,,,,,40.54M,15.79M,24.75M,,47.55M,7.621M,39.93M,,2007-06,0.23,0.23,,2007-06,0.225,0.225,,2007-06,,2007-06,,
2007-03,181.09M,181.09M,97.54M,83.55M,,,36.40M,10.99M,1.354M,,,,,,48.74M,34.80M,,,,,,34.28M,12.65M,21.63M,,42.22M,7.419M,34.80M,,2007-03,0.205,0.205,,2007-03,0.20,0.20,,2007-03,,2007-03,,
2006-12,163.21M,163.21M,88.98M,74.23M,,,35.58M,10.72M,1.408M,,,,,,47.71M,26.52M,,,,,,25.94M,9.85M,16.09M,,34.75M,8.231M,26.52M,,2006-12,0.155,0.155,,2006-12,0.15,0.15,,2006-12,,2006-12,,
2006-09,154.06M,154.06M,91.02M,63.04M,,,35.27M,3.776M,,,,,,,35.58M,27.46M,,,,,,7.526M,9.00M,-1.474M,,35.12M,7.655M,27.46M,,2006-09,-0.025,-0.025,,2006-09,-0.025,-0.025,,2006-09,,2006-09,,
2006-06,119.68M,119.68M,69.30M,50.39M,,,24.25M,7.561M,,,,,,,31.81M,18.58M,,,,,,19.22M,7.20M,12.02M,,21.80M,3.217M,18.58M,,2006-06,0.13,0.13,,2006-06,0.125,0.125,,2006-06,,2006-06,,
2006-03,100.98M,100.98M,58.56M,42.43M,,,19.55M,6.322M,0.165M,,,,,,26.04M,16.39M,,,,,,17.41M,6.25M,11.16M,,19.07M,2.682M,16.39M,,2006-03,0.125,0.125,,2006-03,0.12,0.12,,2006-03,,2006-03,,
2005-12,87.96M,87.96M,50.97M,36.98M,,,19.00M,5.971M,,-4.20M,,,,,24.98M,12.01M,,,,-4.20M,,9.066M,3.35M,5.716M,,14.58M,2.579M,12.01M,,2005-12,0.0949,0.065,,2005-12,0.06,0.06,,2005-12,,2005-12,,
2005-09,78.22M,78.22M,46.26M,31.95M,,,16.22M,4.325M,,,,,,,20.54M,11.41M,,,,,,12.12M,2.639M,9.476M,,13.34M,1.934M,11.41M,,2005-09,0.11,0.11,,2005-09,0.105,0.105,,2005-09,,2005-09,,
2005-06,74.05M,74.05M,43.96M,30.09M,,,15.54M,5.10M,,,,,,,20.64M,9.451M,,,,,,10.16M,2.00M,8.158M,,11.37M,1.923M,9.451M,,2005-06,0.095,0.095,,2005-06,0.09,0.09,,2005-06,,2005-06,,
2005-03,69.24M,69.24M,42.46M,26.77M,,,14.75M,4.842M,,,,,,,19.59M,7.181M,,,,,,7.554M,1.506M,6.048M,,8.996M,1.815M,7.181M,,2005-03,0.07,0.07,,2005-03,0.065,0.065,,2005-03,,2005-03,,
2004-12,66.18M,66.18M,41.97M,24.21M,,,15.27M,4.35M,,,,,,,19.62M,4.59M,,,,,,4.868M,0.294M,4.574M,,6.492M,1.902M,4.59M,,2004-12,0.055,0.055,,2004-12,0.055,0.055,,2004-12,,2004-12,,
2004-09,63.95M,63.95M,40.78M,23.17M,,,13.55M,4.363M,,,,,,,17.92M,5.252M,,,,,,5.656M,0.446M,5.21M,,7.177M,1.925M,5.252M,,2004-09,0.065,0.065,,2004-09,0.0625,0.0625,,2004-09,,2004-09,,
2004-06,59.22M,59.22M,37.04M,22.19M,,,14.62M,4.143M,,,,,,,18.76M,3.427M,,,,,,3.498M,0.173M,3.325M,,5.286M,1.859M,3.427M,,2004-06,0.04,0.04,,2004-06,0.0375,0.0375,,2004-06,,2004-06,,
2004-03,55.65M,55.65M,35.06M,20.59M,,,13.63M,4.117M,,,,,,,17.74M,2.846M,,,,,,2.695M,0.106M,2.589M,,4.691M,1.845M,2.846M,,2004-03,0.0325,0.0325,,2004-03,0.03,0.03,,2004-03,,2004-03,,
2003-12,49.88M,49.88M,30.46M,19.42M,,,14.32M,4.036M,,,,,,,18.36M,1.061M,,,,,,1.078M,0.038M,1.04M,,3.021M,1.96M,1.061M,,2003-12,0.0125,0.0125,,2003-12,0.0125,0.0125,,2003-12,,2003-12,,
2003-09,52.40M,52.40M,33.41M,18.99M,,,11.92M,4.363M,,,,,,,16.28M,2.71M,,,,,,2.67M,0.07M,2.60M,,4.571M,1.861M,2.71M,,2003-09,0.035,0.035,,2003-09,0.0325,0.0325,,2003-09,,2003-09,,
2003-06,52.33M,52.33M,33.85M,18.48M,,,13.08M,4.366M,,,,,,-0.057M,17.39M,1.091M,,,,,,1.071M,0.052M,1.019M,,2.938M,1.847M,1.091M,,2003-06,0.0125,0.0125,,2003-06,0.0125,0.0125,,2003-06,,2003-06,,
2003-03,50.34M,50.34M,31.99M,18.35M,,,13.12M,4.891M,,,,,,,18.01M,0.343M,,,,,,0.435M,0.052M,0.383M,,2.371M,2.028M,0.343M,,2003-03,0.005,0.005,,2003-03,0.005,0.005,,2003-03,,2003-03,,
2002-12,49.00M,49.00M,31.21M,17.80M,,,14.06M,4.761M,,-0.207M,,,,,18.82M,-1.023M,,,,-0.207M,,-0.872M,0.002M,-1.081M,,0.646M,1.669M,-1.023M,,2002-12,-0.0109,-0.015,,2002-12,-0.0125,-0.015,,2002-12,,2002-12,,
2002-09,49.34M,49.34M,31.37M,17.97M,,,11.26M,5.453M,,2.296M,,,,,16.71M,1.259M,,,,2.296M,,0.748M,3.913M,-3.165M,,2.893M,1.634M,1.259M,,2002-09,-0.0602,-0.0425,,2002-09,-0.0425,-0.0425,,2002-09,,2002-09,,
2002-06,47.64M,47.64M,29.49M,18.15M,,,12.25M,4.859M,,-0.687M,,,,,17.11M,1.037M,,,,-0.687M,,0.492M,,0.492M,,3.026M,1.989M,1.037M,,2002-06,0.0129,0.0075,,2002-06,0.005,0.005,,2002-06,,2002-06,,
2002-03,46.40M,46.40M,28.37M,18.03M,,,12.12M,4.77M,,-0.495M,,,,,16.89M,1.138M,,,,-0.495M,,0.003M,-4.423M,4.426M,,3.033M,1.895M,1.138M,,2002-03,0.0614,0.0575,,2002-03,0.055,0.055,,2002-03,,2002-03,,
2001-12,47.58M,47.58M,29.92M,17.67M,,,11.60M,5.279M,,-1.575M,,,,,16.88M,0.794M,,,,-1.575M,,-1.492M,0.081M,-1.573M,,2.752M,1.958M,0.794M,,2001-12,-0.0103,-0.025,,2001-12,-0.025,-0.025,,2001-12,,2001-12,,
2001-09,46.97M,46.97M,32.60M,14.36M,,,12.46M,5.342M,,1.265M,,,,,17.81M,-3.445M,,,,1.265M,,-4.909M,0.018M,-4.927M,,-1.193M,2.252M,-3.445M,,2001-09,-0.0897,-0.0775,,2001-09,-0.0788,-0.0788,,2001-09,,2001-09,,
2001-06,44.94M,44.94M,26.29M,18.65M,,,12.87M,5.536M,,-1.618M,,,,,18.40M,0.244M,,,,-1.618M,,-1.116M,0.097M,-1.213M,,1.973M,1.729M,0.244M,,2001-06,-0.0043,-0.02,,2001-06,-0.02,-0.02,,2001-06,,2001-06,,
2001-03,43.74M,43.74M,26.81M,16.93M,9.303M,5.827M,15.13M,6.466M,,-1.041M,,,,-2.459M,21.60M,-4.668M,,,,-1.041M,,-7.891M,0.054M,-7.945M,,-2.209M,2.459M,-4.668M,,2001-03,-0.1174,-0.1275,,2001-03,-0.1275,-0.1275,,2001-03,,2001-03,,
2000-12,44.55M,44.55M,31.28M,13.27M,,,14.25M,5.983M,,,,,,,20.23M,-6.959M,,,,,,-6.765M,,-6.765M,,-4.664M,2.295M,-6.959M,,2000-12,-0.11,-0.11,,2000-12,-0.11,-0.11,,2000-12,,2000-12,,
2000-09,27.71M,27.71M,28.03M,-0.326M,,,10.91M,4.552M,,-4.918M,,,,,12.35M,-12.68M,,,,-4.918M,,-17.02M,-6.10M,-10.92M,,-11.37M,1.309M,-12.68M,,2000-09,-0.1287,-0.18,,2000-09,-0.18,-0.18,,2000-09,,2000-09,,
2000-06,22.08M,22.08M,12.80M,9.284M,,,9.259M,3.872M,,-0.008M,,,,,14.31M,-5.023M,,,,-0.008M,,-4.143M,-1.50M,-2.643M,,-3.847M,1.176M,-5.023M,,2000-06,-0.0424,-0.0425,,2000-06,-0.0425,-0.0425,,2000-06,,2000-06,,
2000-03,23.25M,23.25M,12.72M,10.53M,,,10.05M,4.042M,,-0.044M,,,,,14.89M,-4.366M,,,,-0.044M,,-3.384M,-1.20M,-2.184M,,-3.231M,1.135M,-4.366M,,2000-03,-0.0345,-0.035,,2000-03,-0.035,-0.035,,2000-03,,2000-03,,
1999-12,21.10M,21.10M,12.20M,8.90M,,,8.80M,4.70M,,,,,,,14.30M,-5.40M,,,,,,-4.50M,-1.60M,-2.90M,,-4.60M,0.80M,-5.40M,,1999-12,-0.0475,-0.0475,,1999-12,-0.0475,-0.0475,,1999-12,,1999-12,,
1999-09,20.10M,20.10M,12.50M,7.599M,,,7.90M,4.40M,,0.10M,,,,,13.70M,-6.101M,,,,0.10M,,-4.90M,-1.80M,-3.10M,,-4.701M,1.40M,-6.101M,,1999-09,-0.0563,-0.055,,1999-09,-0.055,-0.055,,1999-09,,1999-09,,
1999-06,20.01M,20.01M,11.20M,8.808M,,,7.80M,3.20M,,-0.20M,,,,,11.90M,-3.092M,,,,-0.20M,,-2.40M,-0.90M,-1.50M,,-2.192M,0.90M,-3.092M,,1999-06,-0.0252,-0.0275,,1999-06,-0.0275,-0.0275,,1999-06,,1999-06,,
1999-03,19.40M,19.40M,10.70M,8.70M,,,7.60M,2.60M,,-0.30M,,,,,11.00M,-2.30M,,,,-0.30M,,-1.70M,-0.60M,-1.10M,,-1.50M,0.80M,-2.30M,,1999-03,-0.0165,-0.02,,1999-03,-0.02,-0.02,,1999-03,,1999-03,,
1998-12,24.60M,24.60M,12.40M,12.20M,,,7.40M,2.50M,,-0.10M,,,,,10.30M,1.90M,,,,-0.10M,,3.10M,1.10M,2.00M,,2.30M,0.40M,1.90M,,1998-12,0.0387,0.0375,,1998-12,0.0375,0.0375,,1998-12,,1998-12,,
1998-09,24.90M,24.90M,11.90M,13.00M,,,9.00M,2.60M,,5.60M,,,,,12.30M,0.70M,,,,5.60M,,1.90M,0.60M,1.30M,,1.40M,0.70M,0.70M,,1998-09,-0.0471,0.0225,,1998-09,0.0225,0.0225,,1998-09,,1998-09,,
1998-06,34.40M,34.40M,14.70M,19.70M,,,10.90M,2.30M,,-0.10M,,,,,14.40M,5.30M,,,,-0.10M,,6.80M,2.50M,4.30M,,6.50M,0.40M,5.30M,,1998-06,0.0812,0.08,,1998-06,0.0775,0.0775,,1998-06,,1998-06,,
