,OperatingRevenue,Revenue,CostofGoodsSold,GrossProfit,SG&AExpense,AmortizationExpense,SpecialIncomeandCharges,OperatingInterestExpense,OperatingInterestIncome,NetOperatingInterestIncome,TotalOperatingExpenses,OperatingIncome,Non-OperatingInterestIncome,Non-OperatingInterestExpense,NetNon-OperatingInterestIncomeExpense,OtherIncomeandExpenses,NetInterestIncome,Pre-TaxIncome,ProvisionforIncomeTaxes,IncomefromContinuingOperations,IncomefromDiscontinuedOperations,"ExtraordinaryItems,IncomeStatement",IncomeAttributabletoMinorityInterest,NetIncome,NormalizedIncome,EBIT,,BasicEPS(Quarterly),EPSBasicfromContinuingOperations,EPSBasicfromDiscontinuedOperations,EPSBasic,,DilutedEPS(Quarterly),EPSDilutedfromContinuingOperations,EPSDilutedfromDiscontinuedOperations,EPSDiluted,,SharesData(Quarterly),DividendPerShare,,SECFilingLinks,AsOriginallyReported,Restated
2020-09,14.71B,14.71B,11.01B,3.694B,2.812B,,198.00M,464.00M,-24.00M,-488.00M,4.147B,-453.00M,-24.00M,464.00M,-488.00M,361.00M,-488.00M,-580.00M,49.00M,-629.00M,0.00,,-81.00M,-710.00M,-854.54M,-116.00M,,2020-09,-0.39,0.00,-0.39,,2020-09,-0.39,0.00,-0.39,,2020-09,0.00,,2020-09,AOR,
2020-06,11.78B,11.78B,7.896B,3.883B,2.455B,,-4.665B,456.00M,41.00M,-415.00M,3.832B,51.00M,41.00M,456.00M,-415.00M,-4.476B,-415.00M,-4.84B,-331.00M,-4.509B,-3.00M,,-209.00M,-4.721B,-370.22M,-4.384B,,2020-06,-2.61,0.00,-2.61,,2020-06,-2.61,0.00,-2.61,,2020-06,0.00,,2020-06,AOR,
2020-03,18.01B,18.01B,11.92B,6.091B,3.388B,,-145.00M,365.00M,63.00M,-302.00M,4.721B,1.37B,63.00M,365.00M,-302.00M,-8.00M,-302.00M,1.06B,525.00M,535.00M,-15.00M,,-60.00M,460.00M,580.85M,1.425B,,2020-03,0.26,-0.01,0.25,,2020-03,0.26,-0.01,0.25,,2020-03,0.00,,2020-03,AOR,
2019-12,20.86B,20.86B,13.02B,7.842B,3.703B,,-150.00M,362.00M,76.00M,-286.00M,5.001B,2.841B,76.00M,362.00M,-286.00M,77.00M,-286.00M,2.632B,459.00M,2.173B,-26.00M,,-40.00M,2.107B,2.257B,2.994B,,2019-12,1.18,-0.01,1.17,,2019-12,1.17,-0.01,1.16,,2019-12,0.88,,2019-12,AOR,
2019-09,19.12B,19.12B,11.84B,7.274B,3.699B,,-797.00M,413.00M,129.00M,-284.00M,5.00B,2.274B,129.00M,413.00M,-284.00M,-743.00M,-284.00M,1.247B,341.00M,906.00M,299.00M,,-151.00M,1.054B,1.334B,1.66B,,2019-09,0.44,0.15,0.58,,2019-09,0.43,0.15,0.58,,2019-09,0.00,,2019-09,AOR,Restated
2019-06,20.26B,20.26B,12.84B,7.425B,3.368B,,-330.00M,472.00M,34.00M,-438.00M,4.674B,2.751B,34.00M,472.00M,-438.00M,-304.00M,-438.00M,2.009B,393.00M,1.616B,366.00M,,-222.00M,1.76B,1.659B,2.481B,,2019-06,0.79,0.18,0.98,,2019-06,0.79,0.18,0.97,,2019-06,0.88,,2019-06,AOR,Restated
2019-03,14.92B,14.92B,8.376B,6.546B,2.33B,,4.301B,198.00M,30.00M,-168.00M,3.158B,3.388B,30.00M,198.00M,-168.00M,4.017B,-168.00M,7.237B,1.647B,5.59B,21.00M,,-159.00M,5.452B,2.111B,7.435B,,2019-03,3.55,0.01,3.56,,2019-03,3.53,0.01,3.55,,2019-03,0.00,,2019-03,AOR,Restated
2018-12,15.30B,15.30B,9.001B,6.302B,2.152B,,0.00,163.00M,75.00M,-88.00M,2.884B,3.418B,75.00M,163.00M,-88.00M,101.00M,-88.00M,3.431B,645.00M,2.786B,0.00,,2.00M,2.788B,2.788B,3.594B,,2018-12,1.87,0.00,1.87,,2018-12,1.86,0.00,1.86,,2018-12,0.88,,2018-12,AOR,Restated
2018-09,14.31B,14.31B,8.108B,6.198B,2.321B,,-99.00M,81.00M,,-159.00M,3.115B,3.083B,,81.00M,-159.00M,278.00M,-159.00M,3.202B,783.00M,2.419B,0.00,,-97.00M,2.322B,2.397B,3.283B,,2018-09,1.56,0.00,1.56,,2018-09,1.55,0.00,1.55,,2018-09,0.00,,2018-09,AOR,Restated
2018-06,15.23B,15.23B,8.348B,6.881B,2.213B,,0.00,175.00M,32.00M,-143.00M,2.957B,3.924B,32.00M,175.00M,-143.00M,73.00M,-143.00M,3.854B,795.00M,3.059B,0.00,,-143.00M,2.916B,2.916B,4.029B,,2018-06,1.96,0.00,1.96,,2018-06,1.95,0.00,1.95,,2018-06,0.84,,2018-06,AOR,Restated
2018-03,14.55B,14.55B,7.541B,7.007B,2.239B,,28.00M,172.00M,29.00M,-143.00M,2.97B,4.037B,29.00M,172.00M,-143.00M,34.00M,-143.00M,3.928B,813.00M,3.115B,0.00,,-178.00M,2.937B,2.915B,4.10B,,2018-03,1.95,0.00,1.95,,2018-03,1.95,0.00,1.95,,2018-03,0.00,,2018-03,AOR,Restated
2017-12,15.35B,15.35B,8.729B,6.622B,2.087B,,-15.00M,146.00M,17.00M,-129.00M,2.829B,3.793B,17.00M,146.00M,-129.00M,81.00M,-129.00M,3.745B,-728.00M,4.473B,,,-50.00M,4.423B,4.432B,3.891B,,2017-12,2.93,,2.93,,2017-12,2.91,,2.91,,2017-12,0.84,,2017-12,AOR,Restated
2017-09,12.78B,12.78B,7.214B,5.565B,2.228B,,,137.00M,52.00M,-85.00M,2.936B,2.629B,52.00M,137.00M,-85.00M,150.00M,-85.00M,2.694B,829.00M,1.865B,,,-118.00M,1.747B,1.747B,2.831B,,2017-09,1.14,,1.14,,2017-09,1.13,,1.13,,2017-09,0.00,,2017-09,AOR,Restated
2017-06,14.24B,14.24B,7.717B,6.521B,2.022B,,,134.00M,17.00M,-117.00M,2.733B,3.788B,17.00M,134.00M,-117.00M,-53.00M,-117.00M,3.618B,1.144B,2.474B,,,-108.00M,2.366B,2.366B,3.752B,,2017-06,1.51,,1.51,,2017-06,1.51,,1.51,,2017-06,0.78,,2017-06,AOR,Restated
2017-03,13.34B,13.34B,6.969B,6.367B,1.941B,,0.00,115.00M,31.00M,-84.00M,2.617B,3.75B,31.00M,115.00M,-84.00M,85.00M,-84.00M,3.751B,1.212B,2.539B,,,-151.00M,2.388B,2.388B,3.866B,,2017-03,1.51,,1.51,,2017-03,1.50,,1.50,,2017-03,0.00,,2017-03,AOR,Restated
2016-12,14.78B,14.78B,8.406B,6.378B,1.985B,,0.00,121.00M,22.00M,-99.00M,2.672B,3.706B,22.00M,121.00M,-99.00M,118.00M,-99.00M,3.725B,1.237B,2.488B,,,-9.00M,2.479B,2.479B,3.846B,,2016-12,1.56,,1.56,,2016-12,1.55,,1.55,,2016-12,0.78,,2016-12,AOR,Restated
2016-09,13.14B,13.14B,7.305B,5.837B,2.287B,,-31.00M,119.00M,20.00M,-99.00M,2.976B,2.861B,20.00M,119.00M,-99.00M,119.00M,-99.00M,2.881B,989.00M,1.892B,,,-121.00M,1.771B,1.791B,3.00B,,2016-09,1.10,,1.10,,2016-09,1.10,,1.10,,2016-09,0.00,,2016-09,AOR,Restated
2016-06,14.28B,14.28B,7.201B,7.076B,2.305B,,-44.00M,88.00M,18.00M,-70.00M,2.931B,4.145B,18.00M,88.00M,-70.00M,108.00M,-70.00M,4.183B,1.471B,2.712B,,,-115.00M,2.597B,2.626B,4.271B,,2016-06,1.60,,1.60,,2016-06,1.59,,1.59,,2016-06,0.71,,2016-06,AOR,Restated
2016-03,12.97B,12.97B,6.864B,6.105B,2.137B,,0.00,81.00M,14.00M,-67.00M,2.742B,3.363B,14.00M,81.00M,-67.00M,150.00M,-67.00M,3.446B,1.17B,2.276B,,,-133.00M,2.143B,2.143B,3.527B,,2016-03,1.31,,1.31,,2016-03,1.30,,1.30,,2016-03,0.00,,2016-03,AOR,Restated
2015-12,15.24B,15.24B,8.623B,6.621B,2.025B,,-81.00M,66.00M,42.00M,-24.00M,2.632B,3.989B,42.00M,66.00M,-24.00M,393.00M,-24.00M,4.358B,1.448B,2.91B,,,-30.00M,2.88B,2.934B,4.424B,,2015-12,1.74,,1.74,,2015-12,1.73,,1.73,,2015-12,0.71,,2015-12,AOR,Restated
2015-09,13.51B,13.51B,7.355B,6.157B,2.406B,,-53.00M,68.00M,13.00M,-55.00M,3.009B,3.148B,13.00M,68.00M,-55.00M,131.00M,-55.00M,3.224B,1.483B,1.741B,,,-132.00M,1.609B,1.641B,3.292B,,2015-09,0.96,,0.96,,2015-09,0.95,,0.95,,2015-09,0.00,,2015-09,AOR,Restated
2015-06,13.10B,13.10B,6.663B,6.438B,2.101B,,0.00,62.00M,50.00M,-12.00M,2.676B,3.762B,50.00M,62.00M,-12.00M,212.00M,-12.00M,3.962B,1.323B,2.639B,,,-156.00M,2.483B,2.483B,4.024B,,2015-06,1.46,,1.46,,2015-06,1.45,,1.45,,2015-06,0.66,,2015-06,AOR,Restated
2015-03,12.46B,12.46B,6.69B,5.771B,2.081B,,0.00,66.00M,74.00M,8.00M,2.665B,3.106B,74.00M,66.00M,8.00M,206.00M,8.00M,3.32B,1.092B,2.228B,,,-120.00M,2.108B,2.108B,3.386B,,2015-03,1.24,,1.24,,2015-03,1.23,,1.23,,2015-03,0.00,,2015-03,AOR,Restated
2014-12,13.39B,13.39B,7.656B,5.735B,1.935B,,0.00,69.00M,11.00M,-58.00M,2.527B,3.208B,11.00M,69.00M,-58.00M,212.00M,-58.00M,3.362B,1.118B,2.244B,,,-62.00M,2.182B,2.182B,3.431B,,2014-12,1.28,,1.28,,2014-12,1.27,,1.27,,2014-12,1.15,,2014-12,AOR,Restated
2014-09,12.39B,12.39B,7.019B,5.37B,2.384B,,-73.00M,72.00M,34.00M,-38.00M,2.974B,2.396B,34.00M,72.00M,-38.00M,103.00M,-38.00M,2.461B,836.00M,1.625B,,,-126.00M,1.499B,1.547B,2.533B,,2014-09,0.87,,0.87,,2014-09,0.86,,0.86,,2014-09,0.00,,2014-09,AOR,Restated
2014-06,12.47B,12.47B,6.364B,6.102B,2.047B,,0.00,74.00M,24.00M,-50.00M,2.604B,3.498B,24.00M,74.00M,-50.00M,222.00M,-50.00M,3.67B,1.251B,2.419B,,,-174.00M,2.245B,2.245B,3.744B,,2014-06,1.30,,1.30,,2014-06,1.28,,1.28,,2014-06,0.00,,2014-06,AOR,Restated
2014-03,11.65B,11.65B,5.972B,5.677B,2.116B,,29.00M,67.00M,129.00M,62.00M,2.696B,2.981B,129.00M,67.00M,62.00M,132.00M,62.00M,3.175B,1.119B,2.056B,,,-139.00M,1.917B,1.991B,3.242B,,2014-03,1.10,,1.10,,2014-03,1.08,,1.08,,2014-03,0.00,,2014-03,AOR,Restated
2013-12,12.31B,12.31B,7.065B,5.244B,2.018B,,-19.00M,81.00M,130.00M,49.00M,2.579B,2.665B,130.00M,81.00M,49.00M,226.00M,49.00M,2.94B,1.036B,1.904B,,,-64.00M,1.84B,1.852B,3.021B,,2013-12,1.04,,1.04,,2013-12,1.03,,1.03,,2013-12,0.86,,2013-12,AOR,Restated
2013-09,11.57B,11.57B,-1.148B,12.72B,,,-162.00M,81.00M,55.00M,-26.00M,-162.00M,2.159B,55.00M,81.00M,-26.00M,91.00M,-26.00M,2.224B,681.00M,1.543B,,,-149.00M,1.394B,1.506B,2.305B,,2013-09,0.78,,0.78,,2013-09,0.77,,0.77,,2013-09,0.00,,2013-09,AOR,Restated
2013-06,11.58B,11.58B,8.574B,3.004B,,,-60.00M,93.00M,10.00M,-83.00M,-60.00M,3.004B,10.00M,93.00M,-83.00M,172.00M,-83.00M,3.093B,1.059B,2.034B,,,-187.00M,1.847B,1.886B,3.186B,,2013-06,1.02,,1.02,,2013-06,1.01,,1.01,,2013-06,0.00,,2013-06,AOR,Restated
2013-03,10.55B,10.55B,8.359B,2.195B,,,-61.00M,83.00M,29.00M,-54.00M,-61.00M,2.195B,29.00M,83.00M,-54.00M,134.00M,-54.00M,2.275B,654.00M,1.621B,,,-108.00M,1.513B,1.556B,2.358B,,2013-03,0.84,,0.84,,2013-03,0.83,,0.83,,2013-03,0.00,,2013-03,AOR,Restated
2012-12,11.34B,11.34B,9.249B,2.092B,,,-102.00M,92.00M,20.00M,-72.00M,-102.00M,2.092B,20.00M,92.00M,-72.00M,8.00M,-72.00M,2.028B,590.00M,1.438B,,,-56.00M,1.382B,1.454B,2.12B,,2012-12,0.78,,0.78,,2012-12,0.77,,0.77,,2012-12,0.75,,2012-12,AOR,Restated
2012-09,10.78B,10.78B,-1.189B,11.97B,,,214.00M,115.00M,24.00M,-115.00M,214.00M,2.024B,24.00M,115.00M,-115.00M,205.00M,-115.00M,2.114B,724.00M,1.39B,,,-146.00M,1.244B,1.103B,2.229B,,2012-09,0.69,0.00,0.69,,2012-09,0.68,0.00,0.68,,2012-09,0.00,,2012-09,AOR,Restated
2012-06,11.09B,11.09B,8.128B,2.96B,,,-7.00M,115.00M,22.00M,-93.00M,-7.00M,2.96B,22.00M,115.00M,-93.00M,162.00M,-93.00M,3.029B,993.00M,2.036B,,,-205.00M,1.831B,1.836B,3.144B,,2012-06,1.02,,1.02,,2012-06,1.01,,1.01,,2012-06,0.00,,2012-06,AOR,Restated
2012-03,9.629B,9.629B,7.942B,1.687B,,,146.00M,126.00M,31.00M,-95.00M,146.00M,1.687B,31.00M,126.00M,-95.00M,284.00M,-95.00M,1.876B,650.00M,1.226B,,,-83.00M,1.143B,1.048B,2.002B,,2012-03,0.64,,0.64,,2012-03,0.63,,0.63,,2012-03,0.00,,2012-03,AOR,Restated
2011-12,10.78B,10.78B,8.587B,2.192B,,,-6.00M,116.00M,26.00M,-90.00M,-6.00M,2.192B,26.00M,116.00M,-90.00M,139.00M,-90.00M,2.241B,720.00M,1.521B,,,-57.00M,1.464B,1.468B,2.357B,,2011-12,0.81,,0.81,,2011-12,0.80,,0.80,,2011-12,0.60,,2011-12,AOR,Restated
2011-09,10.42B,10.42B,8.558B,1.867B,,,-9.00M,111.00M,34.00M,-77.00M,-9.00M,1.867B,34.00M,111.00M,-77.00M,113.00M,-77.00M,1.903B,652.00M,1.251B,,,-164.00M,1.087B,1.093B,2.014B,,2011-09,0.59,,0.59,,2011-09,0.59,,0.59,,2011-09,0.00,,2011-09,AOR,Restated
2011-06,10.68B,10.68B,8.229B,2.446B,,,-34.00M,113.00M,25.00M,-88.00M,-34.00M,2.446B,25.00M,113.00M,-88.00M,150.00M,-88.00M,2.508B,845.00M,1.663B,,,-187.00M,1.476B,1.499B,2.621B,,2011-06,0.78,0.00,0.78,,2011-06,0.77,0.00,0.77,,2011-06,0.00,,2011-06,AOR,Restated
2011-03,9.077B,9.077B,7.549B,1.528B,,,0.00,111.00M,28.00M,-83.00M,0.00,1.528B,28.00M,111.00M,-83.00M,123.00M,-83.00M,1.568B,558.00M,1.01B,,,-68.00M,942.00M,942.00M,1.679B,,2011-03,0.50,0.00,0.50,,2011-03,0.49,0.00,0.49,,2011-03,0.00,,2011-03,AOR,Restated
2010-12,10.72B,10.72B,8.776B,1.94B,,,63.00M,100.00M,5.00M,-95.00M,63.00M,1.94B,5.00M,100.00M,-95.00M,219.00M,-95.00M,2.064B,730.00M,1.334B,,,-32.00M,1.302B,1.261B,2.164B,,2010-12,0.69,0.00,0.69,,2010-12,0.68,0.00,0.68,,2010-12,0.40,,2010-12,AOR,Restated
2010-09,9.742B,9.742B,8.221B,1.521B,,,-58.00M,88.00M,1.00M,-87.00M,-58.00M,1.521B,1.00M,88.00M,-87.00M,0.00,-87.00M,1.434B,468.00M,966.00M,,,-131.00M,835.00M,874.07M,1.522B,,2010-09,0.44,0.00,0.44,,2010-09,0.43,0.00,0.43,,2010-09,0.00,,2010-09,AOR,Restated
2010-06,10.00B,10.00B,7.723B,2.279B,,,7.00M,103.00M,14.00M,-89.00M,7.00M,2.279B,14.00M,103.00M,-89.00M,146.00M,-89.00M,2.336B,831.00M,1.505B,,,-174.00M,1.331B,1.326B,2.439B,,2010-06,0.68,0.00,0.68,,2010-06,0.67,0.00,0.67,,2010-06,0.00,,2010-06,AOR,Restated
2010-03,8.58B,8.58B,7.068B,1.512B,,,-1.00M,147.00M,17.00M,-130.00M,-1.00M,1.512B,17.00M,147.00M,-130.00M,153.00M,-130.00M,1.535B,537.00M,998.00M,,,-45.00M,953.00M,953.65M,1.682B,,2010-03,0.49,0.00,0.49,,2010-03,0.48,0.00,0.48,,2010-03,0.00,,2010-03,AOR,Restated
2009-12,9.739B,9.739B,8.325B,1.414B,,,-78.00M,118.00M,15.00M,-103.00M,-78.00M,1.414B,15.00M,118.00M,-103.00M,11.00M,-103.00M,1.322B,478.00M,844.00M,,,0.00,844.00M,893.80M,1.44B,,2009-12,0.45,0.00,0.45,,2009-12,0.44,0.00,0.44,,2009-12,0.35,,2009-12,AOR,Restated
2009-09,9.867B,9.867B,8.272B,1.595B,,,639.00M,136.00M,12.00M,-124.00M,0.00,1.595B,12.00M,136.00M,-124.00M,190.00M,-124.00M,1.661B,587.00M,1.074B,,,-179.00M,895.00M,481.82M,1.797B,,2009-09,0.48,0.00,0.48,,2009-09,0.47,0.00,0.47,,2009-09,0.00,,2009-09,AOR,Restated
2009-06,8.596B,8.596B,6.998B,1.598B,,,-21.00M,134.00M,59.00M,-75.00M,0.00,1.598B,59.00M,134.00M,-75.00M,134.00M,-75.00M,1.657B,626.00M,1.031B,,,-77.00M,954.00M,967.07M,1.791B,,2009-06,0.51,0.00,0.51,,2009-06,0.51,0.00,0.51,,2009-06,0.00,,2009-06,AOR,Restated
2009-03,8.087B,8.087B,6.80B,1.287B,,,-305.00M,128.00M,,-128.00M,0.00,1.287B,,128.00M,-128.00M,-158.00M,-128.00M,1.001B,348.00M,653.00M,,,-40.00M,613.00M,811.97M,1.129B,,2009-03,0.33,0.00,0.33,,2009-03,0.33,0.00,0.33,,2009-03,0.00,,2009-03,AOR,Restated
2008-12,9.599B,9.599B,8.382B,1.217B,,,114.00M,139.00M,,-139.00M,0.00,1.217B,,139.00M,-139.00M,261.00M,-139.00M,1.339B,488.00M,851.00M,,,-6.00M,845.00M,772.55M,1.478B,,2008-12,0.46,0.00,0.46,,2008-12,0.45,0.00,0.45,,2008-12,0.35,,2008-12,,Restated
2008-09,9.445B,9.445B,7.954B,1.491B,,,451.00M,113.00M,,-113.00M,0.00,1.491B,,113.00M,-113.00M,9.00M,-113.00M,1.387B,490.00M,897.00M,,,-137.00M,760.00M,468.33M,1.50B,,2008-09,0.41,0.00,0.41,,2008-09,0.41,0.00,0.41,,2008-09,0.00,,2008-09,,Restated
2008-06,9.236B,9.236B,7.215B,2.021B,,,32.00M,141.00M,,-141.00M,0.00,2.021B,,141.00M,-141.00M,207.00M,-141.00M,2.087B,712.00M,1.375B,,,-91.00M,1.284B,1.263B,2.228B,,2008-06,0.68,0.00,0.68,,2008-06,0.66,0.00,0.66,,2008-06,0.00,,2008-06,,Restated
2008-03,8.71B,8.71B,6.812B,1.898B,,,0.00,186.00M,39.00M,-147.00M,0.00,1.898B,39.00M,186.00M,-147.00M,144.00M,-147.00M,1.895B,712.00M,1.183B,,,-50.00M,1.133B,1.133B,2.081B,,2008-03,0.60,0.00,0.60,,2008-03,0.58,0.00,0.58,,2008-03,0.00,,2008-03,,Restated
2007-12,10.45B,10.45B,8.419B,2.033B,,,,,,,,2.033B,,,,123.00M,,2.033B,759.00M,1.25B,,,-24.00M,1.25B,1.25B,2.033B,,2007-12,0.66,0.00,0.66,,2007-12,0.63,0.00,0.63,,2007-12,0.35,,2007-12,,
2007-09,8.93B,8.93B,7.359B,1.571B,,,0.00,,,,0.00,1.571B,,,,96.00M,,1.504B,521.00M,883.00M,-6.00M,,-100.00M,877.00M,883.00M,1.571B,,2007-09,0.46,0.00,0.46,,2007-09,0.44,0.00,0.44,,2007-09,0.00,,2007-09,,
2007-06,9.045B,9.045B,7.022B,2.023B,,,,,,,,2.023B,,,,147.00M,,2.027B,762.00M,1.196B,-18.00M,,-69.00M,1.178B,1.196B,2.023B,,2007-06,0.60,-0.01,0.59,,2007-06,0.58,-0.01,0.57,,2007-06,0.00,,2007-06,,
2007-03,7.954B,7.954B,6.441B,1.513B,,,,,,,,1.513B,,,,121.00M,,1.504B,582.00M,919.00M,12.00M,,-3.00M,931.00M,919.00M,1.513B,,2007-03,0.45,0.01,0.46,,2007-03,0.43,0.01,0.44,,2007-03,0.00,,2007-03,,
2006-12,9.581B,9.581B,7.907B,1.674B,,,1.052B,,,,1.052B,1.674B,,,,1.173B,,2.69B,1.009B,1.676B,25.00M,,-5.00M,1.701B,1.019B,1.674B,,2006-12,0.81,0.01,0.83,,2006-12,0.78,0.01,0.79,,2006-12,0.31,,2006-12,,
2006-09,8.652B,8.652B,7.337B,1.315B,,,0.00,,,,0.00,1.315B,,,,118.00M,,1.282B,428.00M,772.00M,10.00M,,-82.00M,782.00M,772.00M,1.315B,,2006-09,0.37,0.00,0.37,,2006-09,0.35,0.00,0.36,,2006-09,0.00,,2006-09,,
2006-06,8.474B,8.474B,6.734B,1.74B,,,18.00M,,,,0.00,1.74B,,,,154.00M,,1.761B,593.00M,1.095B,30.00M,,-73.00M,1.125B,1.083B,1.74B,,2006-06,0.53,0.01,0.54,,2006-06,0.51,0.01,0.53,,2006-06,0.00,,2006-06,,
2006-03,8.027B,8.027B,6.841B,1.186B,,,,,,,,1.186B,,,,108.00M,,1.149B,404.00M,733.00M,,,-12.00M,733.00M,733.00M,1.186B,,2006-03,0.38,0.00,0.38,,2006-03,0.37,0.00,0.37,,2006-03,0.00,,2006-03,,
2005-12,8.854B,8.854B,7.693B,1.161B,,,70.00M,,,,70.00M,1.161B,,,,181.00M,,1.179B,429.00M,734.00M,,,-16.00M,734.00M,689.47M,1.161B,,2005-12,0.38,0.00,0.38,,2005-12,0.37,0.00,0.37,,2005-12,0.27,,2005-12,,
2005-09,7.164B,7.164B,6.74B,424.00M,,,-6.00M,,,,0.00,424.00M,,,,114.00M,,305.00M,-51.00M,306.00M,,,-50.00M,379.00M,309.60M,424.00M,,2005-09,0.15,0.0521,0.15,,2005-09,0.15,0.0512,0.15,,2005-09,0.00,,2005-09,,
2005-06,7.715B,7.715B,6.433B,1.282B,,,24.00M,,,,0.00,1.282B,,,,149.00M,,1.297B,439.00M,811.00M,,,-47.00M,811.00M,795.12M,1.282B,,2005-06,0.40,0.00,0.40,,2005-06,0.39,0.00,0.39,,2005-06,0.00,,2005-06,,
2005-03,7.829B,7.829B,6.72B,1.109B,,,-7.00M,,,,0.00,1.109B,,,,106.00M,,1.125B,414.00M,657.00M,,,-54.00M,657.00M,661.42M,1.109B,,2005-03,0.32,0.00,0.32,,2005-03,0.31,0.00,0.31,,2005-03,0.00,,2005-03,,
2004-12,8.666B,8.666B,7.55B,1.116B,,,-17.00M,,,,0.00,1.116B,,,,108.00M,,1.084B,372.00M,686.00M,,,-26.00M,686.00M,697.17M,1.116B,,2004-12,0.34,0.00,0.34,,2004-12,0.33,0.00,0.33,,2004-12,0.24,,2004-12,,
2004-09,7.543B,7.543B,6.792B,751.00M,,,-5.00M,,,,0.00,751.00M,,,,67.00M,,647.00M,65.00M,516.00M,,,-66.00M,516.00M,520.50M,751.00M,,2004-09,0.19,,0.19,,2004-09,0.19,,0.19,,2004-09,0.00,,2004-09,,
2004-06,7.471B,7.471B,6.375B,1.096B,,,-56.00M,,,,0.00,1.096B,,,,70.00M,,1.015B,365.00M,604.00M,,,-46.00M,604.00M,639.86M,1.096B,,2004-06,0.29,0.00,0.29,,2004-06,0.29,0.00,0.29,,2004-06,0.00,,2004-06,,
2004-03,7.189B,7.189B,6.153B,1.036B,,,-3.00M,,,,0.00,1.036B,,,,74.00M,,963.00M,357.00M,537.00M,,,-69.00M,537.00M,538.89M,1.036B,,2004-03,0.26,0.00,0.26,,2004-03,0.26,0.00,0.26,,2004-03,0.00,,2004-03,,
2003-12,8.549B,8.549B,7.384B,1.165B,,,,,,,,1.165B,,,,97.00M,,1.114B,410.00M,688.00M,,,-16.00M,688.00M,688.00M,1.165B,,2003-12,0.34,0.00,0.34,,2003-12,0.33,0.00,0.33,,2003-12,0.21,,2003-12,,
2003-09,7.014B,7.014B,6.336B,678.00M,,,-1.00M,,,,0.00,678.00M,,,,90.00M,,634.00M,171.00M,415.00M,,0.00,-48.00M,415.00M,415.73M,678.00M,,2003-09,0.14,0.03,0.17,,2003-09,0.14,0.03,0.17,,2003-09,0.00,,2003-09,,
2003-06,6.377B,6.377B,5.431B,946.00M,,,1.00M,,,,0.00,946.00M,,,,103.00M,,864.00M,322.00M,502.00M,,,-40.00M,502.00M,501.37M,946.00M,,2003-06,0.25,0.00,0.25,,2003-06,0.24,0.00,0.24,,2003-06,0.00,,2003-06,,
2003-03,6.50B,6.50B,5.786B,714.00M,,,,,,,,714.00M,,,,51.00M,,587.00M,219.00M,314.00M,,,-54.00M,314.00M,314.00M,714.00M,,2003-03,0.15,0.00,0.15,,2003-03,0.15,0.00,0.15,,2003-03,0.00,,2003-03,,
2002-12,7.17B,7.17B,6.795B,375.00M,,,,,,,,375.00M,,,,90.00M,,169.00M,77.00M,107.00M,,-71.00M,15.00M,36.00M,107.00M,375.00M,,2002-12,0.05,-0.03,0.02,,2002-12,0.05,-0.03,0.02,,2002-12,0.21,,2002-12,,
2002-09,6.662B,6.662B,6.263B,399.00M,,7.00M,0.00,,,,7.00M,392.00M,,,,62.00M,,289.00M,96.00M,175.00M,,,-18.00M,175.00M,175.00M,392.00M,,2002-09,0.08,0.00,0.08,,2002-09,0.08,0.00,0.08,,2002-09,0.00,,2002-09,,
2002-06,5.795B,5.795B,5.043B,752.00M,,9.00M,34.00M,,,,9.00M,743.00M,,,,78.00M,,636.00M,253.00M,364.00M,,,-19.00M,364.00M,343.53M,743.00M,,2002-06,0.18,0.00,0.18,,2002-06,0.18,0.00,0.18,,2002-06,0.00,,2002-06,,
2002-03,5.856B,5.856B,5.251B,605.00M,,2.00M,,,,,2.00M,603.00M,,,,49.00M,,494.00M,205.00M,259.00M,,,-30.00M,259.00M,259.00M,603.00M,,2002-03,0.13,0.00,0.13,,2002-03,0.13,0.00,0.13,,2002-03,0.00,,2002-03,,
2001-12,7.016B,7.016B,6.367B,649.00M,,3.00M,,,,,3.00M,646.00M,,,,70.00M,,771.00M,299.00M,438.00M,,,-34.00M,438.00M,438.00M,646.00M,,2001-12,0.21,0.00,0.21,,2001-12,0.21,0.00,0.21,,2001-12,0.21,,2001-12,,
2001-09,5.786B,5.786B,5.281B,505.00M,,145.00M,-126.00M,,,,145.00M,360.00M,,,,-60.00M,,253.00M,96.00M,53.00M,,0.00,-21.00M,53.00M,131.19M,360.00M,,2001-09,-0.11,0.13,0.02,,2001-09,-0.11,0.13,0.02,,2001-09,0.00,,2001-09,,
2001-06,5.96B,5.96B,4.932B,1.028B,,145.00M,-138.00M,,,,145.00M,883.00M,,,,-52.00M,,731.00M,339.00M,392.00M,,,-20.00M,392.00M,474.80M,883.00M,,2001-06,0.19,0.00,0.19,,2001-06,0.19,0.00,0.19,,2001-06,0.00,,2001-06,,
2001-03,6.049B,6.049B,5.133B,916.00M,,184.00M,-996.00M,,,,184.00M,732.00M,,,,-930.00M,,-296.00M,238.00M,-567.00M,,,-33.00M,-567.00M,30.60M,732.00M,,2001-03,-0.26,0.00,-0.26,,2001-03,-0.26,0.00,-0.26,,2001-03,0.00,,2001-03,,
2000-12,7.433B,7.433B,6.283B,1.15B,,293.00M,-78.00M,,,,293.00M,857.00M,,,,-78.00M,,628.00M,386.00M,242.00M,,-278.00M,-30.00M,-36.00M,288.80M,857.00M,,2000-12,0.03,0.00,0.03,,2000-12,0.03,0.00,0.03,,2000-12,0.21,,2000-12,,
2000-09,6.118B,6.118B,5.334B,784.00M,,323.00M,122.00M,,,,323.00M,461.00M,,,,175.00M,,556.00M,368.00M,167.00M,,,-21.00M,167.00M,93.80M,461.00M,,2000-09,0.0790,,0.0790,,2000-09,0.0790,,0.0790,,2000-09,0.00,,2000-09,,
2000-06,6.053B,6.053B,4.935B,1.118B,,340.00M,93.00M,,,,340.00M,778.00M,,,,174.00M,,828.00M,425.00M,361.00M,,,-42.00M,361.00M,305.20M,778.00M,,2000-06,0.21,0.00,0.21,,2000-06,0.21,0.00,0.21,,2000-06,0.00,,2000-06,,
2000-03,6.307B,6.307B,5.549B,758.00M,,344.00M,-36.00M,,,,344.00M,414.00M,,,,27.00M,,-320.00M,223.00M,77.00M,,,-20.00M,77.00M,98.60M,414.00M,,2000-03,-0.08,0.00,-0.08,,2000-03,-0.08,0.00,-0.08,,2000-03,0.00,,2000-03,,
1999-12,6.94B,6.94B,5.612B,1.328B,,,254.00M,,,,456.00M,872.00M,,,,254.00M,,905.00M,590.00M,315.00M,,,-24.00M,315.00M,162.60M,872.00M,,1999-12,0.17,0.00,0.17,,1999-12,0.17,0.00,0.17,,1999-12,0.21,,1999-12,,
1999-09,5.791B,5.791B,4.27B,1.521B,15.00M,,-208.00M,,,,1.005B,516.00M,,,,-208.00M,,180.00M,95.00M,85.00M,,,-20.00M,85.00M,209.80M,516.00M,,1999-09,0.04,0.00,0.04,,1999-09,0.04,0.00,0.04,,1999-09,0.00,,1999-09,,
1999-06,5.531B,5.531B,3.697B,1.834B,17.00M,,-87.00M,,,,891.00M,943.00M,,,,-87.00M,,664.00M,296.00M,368.00M,,,-26.00M,368.00M,420.20M,943.00M,,1999-06,0.18,0.00,0.18,,1999-06,0.18,0.00,0.18,,1999-06,0.00,,1999-06,,
1999-03,5.516B,5.516B,3.839B,1.677B,70.00M,,-75.00M,,,,1.012B,665.00M,,,,-75.00M,,395.00M,169.00M,226.00M,,,-21.00M,226.00M,271.00M,665.00M,,1999-03,0.11,0.00,0.11,,1999-03,0.11,0.00,0.11,,1999-03,0.00,,1999-03,,
1998-12,6.597B,6.597B,4.591B,2.006B,38.00M,,261.00M,,,,1.006B,1.00B,,,,261.00M,,1.075B,453.00M,622.00M,,,-22.00M,622.00M,465.40M,1.00B,,1998-12,0.30,0.00,0.30,,1998-12,0.30,0.00,0.30,,1998-12,0.0525,,1998-12,,
1998-09,6.147B,6.147B,4.145B,2.002B,-11.00M,,,,,,1.176B,826.00M,,,,,,513.00M,217.00M,296.00M,,,,296.00M,296.00M,826.00M,,1998-09,0.1429,,0.1429,,1998-09,0.1429,,0.1429,,1998-09,0.0525,,1998-09,,
1998-06,5.248B,5.248B,3.052B,2.196B,49.00M,,,,,,1.322B,874.00M,,,,,,713.00M,298.00M,415.00M,,,,415.00M,415.00M,874.00M,,1998-06,0.0667,0.00,0.0667,,1998-06,0.0667,0.00,0.0667,,1998-06,0.00,,1998-06,,
