,OperatingRevenue,Revenue,CostofGoodsSold,GrossProfit,SG&AExpense,ResearchandDevelopmentExpense,InvestmentWriteOff,SpecialIncomeandCharges,OperatingInterestExpense,OperatingInterestIncome,NetOperatingInterestIncome,OtherOperatingExpenses,TotalOperatingExpenses,OperatingIncome,Non-OperatingInterestIncome,Non-OperatingInterestExpense,NetNon-OperatingInterestIncomeExpense,OtherIncomeandExpenses,NetInterestIncome,Pre-TaxIncome,ProvisionforIncomeTaxes,IncomefromContinuingOperations,IncomefromDiscontinuedOperations,IncomeAttributabletoMinorityInterest,NetIncome,ReconciledDepreciation,EBIT,,BasicEPS(Quarterly),EPSBasicfromContinuingOperations,EPSBasic,,DilutedEPS(Quarterly),EPSDilutedfromContinuingOperations,EPSDilutedfromDiscontinuedOperations,,SharesData(Quarterly),AverageBasicSharesOutstanding,,SECFilingLinks,AsOriginallyReported,Restated
2020-08,6.056B,6.056B,3.988B,2.068B,231.00M,630.00M,,-47.00M,50.00M,13.00M,-37.00M,3.00M,864.00M,1.204B,13.00M,50.00M,-37.00M,-42.00M,-37.00M,1.125B,136.00M,990.00M,,-2.00M,988.00M,1.567B,1.175B,,2020-08,0.89,0.89,,2020-08,0.87,,,2020-08,1.11B,,2020-08,AOR,
2020-05,5.438B,5.438B,3.675B,1.763B,216.00M,649.00M,,-6.00M,51.00M,23.00M,-28.00M,6.00M,871.00M,892.00M,23.00M,51.00M,-28.00M,6.00M,-28.00M,870.00M,68.00M,805.00M,,-2.00M,803.00M,1.422B,921.00M,,2020-05,0.72,0.72,,2020-05,0.71,,,2020-05,1.111B,,2020-05,AOR,
2020-02,4.797B,4.797B,3.442B,1.355B,223.00M,681.00M,,-10.00M,46.00M,34.00M,-12.00M,1.00M,905.00M,450.00M,34.00M,46.00M,-12.00M,-11.00M,-12.00M,427.00M,21.00M,407.00M,,-2.00M,405.00M,1.365B,473.00M,,2020-02,0.37,0.37,,2020-02,0.36,,,2020-02,1.111B,,2020-02,AOR,
2019-11,5.144B,5.144B,3.778B,1.366B,211.00M,640.00M,,46.00M,47.00M,44.00M,-3.00M,1.00M,852.00M,514.00M,44.00M,47.00M,-3.00M,50.00M,-3.00M,561.00M,55.00M,508.00M,,-17.00M,491.00M,1.296B,608.00M,,2019-11,0.44,0.44,,2019-11,0.43,,,2019-11,1.107B,,2019-11,AOR,
2019-08,4.87B,4.87B,3.475B,1.395B,212.00M,623.00M,,69.00M,39.00M,57.00M,18.00M,-11.00M,824.00M,571.00M,57.00M,39.00M,18.00M,66.00M,18.00M,655.00M,71.00M,586.00M,,-25.00M,561.00M,1.416B,694.00M,,2019-08,0.51,0.51,,2019-08,0.49,,,2019-08,1.105B,,2019-08,AOR,Restated
2019-05,4.788B,4.788B,2.96B,1.828B,206.00M,606.00M,,-326.00M,29.00M,52.00M,23.00M,-3.00M,809.00M,1.019B,52.00M,29.00M,23.00M,-326.00M,23.00M,716.00M,-135.00M,851.00M,,-11.00M,840.00M,1.36B,745.00M,,2019-05,0.76,0.76,,2019-05,0.74,,,2019-05,1.105B,,2019-05,AOR,Restated
2019-02,5.835B,5.835B,2.971B,2.864B,209.00M,601.00M,,-134.00M,27.00M,58.00M,31.00M,46.00M,856.00M,2.008B,58.00M,27.00M,31.00M,-135.00M,31.00M,1.904B,280.00M,1.625B,,-6.00M,1.619B,1.313B,1.931B,,2019-02,1.45,1.45,,2019-02,1.42,,,2019-02,1.114B,,2019-02,AOR,Restated
2018-11,7.913B,7.913B,3.298B,4.615B,209.00M,611.00M,,-19.00M,33.00M,38.00M,5.00M,3.00M,823.00M,3.792B,38.00M,33.00M,5.00M,-24.00M,5.00M,3.773B,477.00M,3.296B,,-3.00M,3.293B,1.335B,3.806B,,2018-11,2.91,2.91,,2018-11,2.81,,,2018-11,1.133B,,2018-11,AOR,Restated
2018-08,8.44B,8.44B,3.289B,5.151B,215.00M,567.00M,,,50.00M,34.00M,-16.00M,60.00M,842.00M,4.309B,34.00M,50.00M,-16.00M,53.00M,-16.00M,4.346B,20.00M,4.326B,,-1.00M,4.325B,1.285B,4.396B,,2018-08,3.73,3.73,,2018-08,3.56,,,2018-08,1.158B,,2018-08,AOR,Restated
2018-05,7.797B,7.797B,3.074B,4.723B,211.00M,603.00M,,,80.00M,36.00M,-44.00M,-44.00M,770.00M,3.953B,36.00M,80.00M,-44.00M,-193.00M,-44.00M,3.716B,-109.00M,3.823B,,0.00,3.823B,1.233B,3.796B,,2018-05,3.30,3.30,,2018-05,3.10,,,2018-05,1.159B,,2018-05,AOR,Restated
2018-02,7.351B,7.351B,3.081B,4.27B,196.00M,523.00M,,-30.00M,88.00M,27.00M,-61.00M,-23.00M,696.00M,3.574B,27.00M,88.00M,-61.00M,-60.00M,-61.00M,3.453B,143.00M,3.311B,,-2.00M,3.309B,1.151B,3.541B,,2018-02,2.86,2.86,,2018-02,2.67,,,2018-02,1.156B,,2018-02,AOR,Restated
2017-11,6.803B,6.803B,3.056B,3.747B,191.00M,448.00M,,-201.00M,124.00M,23.00M,-101.00M,5.00M,644.00M,3.103B,23.00M,124.00M,-101.00M,-210.00M,-101.00M,2.792B,114.00M,2.678B,,0.00,2.678B,1.09B,2.916B,,2017-11,2.36,2.36,,2017-11,2.19,,,2017-11,1.134B,,2017-11,AOR,Restated
2017-08,6.138B,6.138B,3.026B,3.112B,193.00M,447.00M,,-33.00M,148.00M,16.00M,-132.00M,-26.00M,614.00M,2.498B,16.00M,148.00M,-132.00M,-45.00M,-132.00M,2.321B,-47.00M,2.369B,,-1.00M,2.368B,1.066B,2.469B,,2017-08,2.13,2.13,,2017-08,1.99,,,2017-08,1.11B,,2017-08,AOR,Restated
2017-05,5.566B,5.566B,2.957B,2.609B,204.00M,434.00M,,-61.00M,153.00M,10.00M,-143.00M,8.00M,646.00M,1.963B,10.00M,153.00M,-143.00M,-83.00M,-143.00M,1.737B,92.00M,1.647B,,0.00,1.647B,1.021B,1.89B,,2017-05,1.49,1.49,,2017-05,1.40,,,2017-05,1.106B,,2017-05,AOR,Restated
2017-02,4.648B,4.648B,2.944B,1.704B,187.00M,473.00M,,0.00,161.00M,8.00M,-153.00M,,660.00M,1.044B,8.00M,161.00M,-153.00M,34.00M,-153.00M,925.00M,38.00M,894.00M,,0.00,894.00M,1.003B,1.086B,,2017-02,0.81,0.81,,2017-02,0.77,,,2017-02,1.099B,,2017-02,AOR,Restated
2016-11,3.97B,3.97B,2.959B,1.011B,159.00M,470.00M,,-2.00M,139.00M,7.00M,-132.00M,23.00M,652.00M,359.00M,7.00M,139.00M,-132.00M,-14.00M,-132.00M,213.00M,31.00M,180.00M,,,180.00M,771.00M,352.00M,,2016-11,0.17,0.17,,2016-11,0.16,,,2016-11,1.04B,,2016-11,AOR,Restated
2016-08,3.217B,3.217B,2.638B,579.00M,157.00M,411.00M,,-47.00M,135.00M,9.00M,-126.00M,-4.00M,564.00M,15.00M,9.00M,135.00M,-126.00M,-57.00M,-126.00M,-168.00M,3.00M,-170.00M,,0.00,-170.00M,714.00M,-33.00M,,2016-08,-0.16,-0.16,,2016-08,-0.16,,,2016-08,1.039B,,2016-08,AOR,Restated
2016-05,2.898B,2.898B,2.40B,498.00M,148.00M,382.00M,,-3.00M,109.00M,10.00M,-99.00M,-5.00M,525.00M,-27.00M,10.00M,109.00M,-99.00M,-34.00M,-99.00M,-160.00M,15.00M,-215.00M,,0.00,-215.00M,755.00M,-51.00M,,2016-05,-0.21,-0.21,,2016-05,-0.21,,,2016-05,1.036B,,2016-05,AOR,Restated
2016-02,2.934B,2.934B,2.355B,579.00M,175.00M,403.00M,,-1.00M,97.00M,12.00M,-85.00M,5.00M,583.00M,-4.00M,12.00M,97.00M,-85.00M,-7.00M,-85.00M,-96.00M,5.00M,-96.00M,,-1.00M,-97.00M,774.00M,1.00M,,2016-02,-0.09,-0.09,,2016-02,-0.09,,,2016-02,1.036B,,2016-02,AOR,Restated
2015-11,3.35B,3.35B,2.501B,849.00M,179.00M,421.00M,,-15.00M,96.00M,11.00M,-85.00M,2.00M,602.00M,247.00M,11.00M,96.00M,-85.00M,-19.00M,-85.00M,143.00M,-4.00M,206.00M,,0.00,206.00M,737.00M,239.00M,,2015-11,0.20,0.20,,2015-11,0.19,,,2015-11,1.035B,,2015-11,AOR,Restated
2015-08,3.60B,3.60B,2.63B,970.00M,170.00M,379.00M,,2.00M,101.00M,11.00M,-90.00M,-3.00M,546.00M,424.00M,11.00M,101.00M,-90.00M,21.00M,-90.00M,355.00M,-69.00M,471.00M,,0.00,471.00M,710.00M,456.00M,,2015-08,0.44,0.44,,2015-08,0.42,,,2015-08,1.064B,,2015-08,AOR,Restated
2015-05,3.853B,3.853B,2.651B,1.202B,169.00M,406.00M,,-15.00M,97.00M,9.00M,-88.00M,-1.00M,574.00M,628.00M,9.00M,97.00M,-88.00M,-13.00M,-88.00M,527.00M,104.00M,491.00M,,0.00,491.00M,673.00M,624.00M,,2015-05,0.46,0.46,,2015-05,0.42,,,2015-05,1.073B,,2015-05,AOR,Restated
2015-02,4.166B,4.166B,2.761B,1.405B,187.00M,379.00M,,3.00M,83.00M,8.00M,-75.00M,-13.00M,553.00M,852.00M,8.00M,83.00M,-75.00M,-3.00M,-75.00M,774.00M,47.00M,935.00M,,-1.00M,934.00M,641.00M,857.00M,,2015-02,0.87,0.87,,2015-02,0.78,,,2015-02,1.074B,,2015-02,AOR,Restated
2014-11,4.573B,4.573B,2.935B,1.638B,193.00M,376.00M,,-25.00M,90.00M,7.00M,-83.00M,-11.00M,558.00M,1.08B,7.00M,90.00M,-83.00M,-44.00M,-83.00M,953.00M,75.00M,1.002B,,1.00M,1.003B,643.00M,1.043B,,2014-11,0.94,0.94,,2014-11,0.84,,,2014-11,1.07B,,2014-11,AOR,Restated
2014-08,4.227B,4.227B,2.842B,1.385B,180.00M,358.00M,,100.00M,88.00M,7.00M,-81.00M,-20.00M,518.00M,867.00M,7.00M,88.00M,-81.00M,159.00M,-81.00M,945.00M,-87.00M,1.151B,,-1.00M,1.15B,553.00M,1.033B,,2014-08,1.08,1.08,,2014-08,0.96,,,2014-08,1.066B,,2014-08,AOR,Restated
2014-05,3.982B,3.982B,2.614B,1.368B,174.00M,349.00M,,-18.00M,80.00M,5.00M,-75.00M,4.00M,527.00M,841.00M,5.00M,80.00M,-75.00M,-23.00M,-75.00M,743.00M,72.00M,806.00M,,0.00,806.00M,542.00M,823.00M,,2014-05,0.76,0.76,,2014-05,0.68,,,2014-05,1.067B,,2014-05,AOR,Restated
2014-02,4.107B,4.107B,2.704B,1.403B,177.00M,344.00M,,-114.00M,83.00M,6.00M,-77.00M,12.00M,533.00M,870.00M,6.00M,83.00M,-77.00M,-123.00M,-77.00M,670.00M,63.00M,741.00M,,-10.00M,731.00M,517.00M,753.00M,,2014-02,0.69,0.69,,2014-02,0.61,,,2014-02,1.06B,,2014-02,AOR,Restated
2013-11,4.042B,4.042B,2.761B,1.281B,176.00M,320.00M,,-316.00M,101.00M,5.00M,-96.00M,-7.00M,489.00M,792.00M,5.00M,101.00M,-96.00M,-321.00M,-96.00M,375.00M,80.00M,381.00M,,-23.00M,358.00M,491.00M,476.00M,,2013-11,0.34,0.34,,2013-11,0.30,,,2013-11,1.046B,,2013-11,AOR,Restated
2013-08,2.843B,2.843B,2.135B,708.00M,193.00M,267.00M,-29.00M,1.455B,64.00M,6.00M,-58.00M,12.00M,472.00M,236.00M,6.00M,64.00M,-58.00M,1.50B,-58.00M,1.678B,5.00M,1.71B,,-2.00M,1.708B,450.00M,1.742B,,2013-08,1.65,1.65,,2013-08,1.51,,,2013-08,1.034B,,2013-08,AOR,Restated
2013-05,2.318B,2.318B,1.762B,556.00M,127.00M,226.00M,0.00,-55.00M,54.00M,2.00M,-52.00M,-1.00M,352.00M,204.00M,2.00M,54.00M,-52.00M,-100.00M,-52.00M,52.00M,-1.00M,43.00M,,0.00,43.00M,442.00M,106.00M,,2013-05,0.04,0.04,,2013-05,0.04,,,2013-05,1.024B,,2013-05,AOR,Restated
2013-02,2.078B,2.078B,1.712B,366.00M,123.00M,214.00M,62.00M,-81.00M,56.00M,3.00M,-53.00M,2.00M,339.00M,27.00M,3.00M,56.00M,-53.00M,-209.00M,-53.00M,-235.00M,-9.00M,-284.00M,,-2.00M,-286.00M,455.00M,-179.00M,,2013-02,-0.28,-0.28,,2013-02,-0.28,,,2013-02,1.016B,,2013-02,AOR,Restated
2012-11,1.834B,1.834B,1.617B,217.00M,119.00M,224.00M,,26.00M,57.00M,3.00M,-54.00M,-3.00M,340.00M,-123.00M,3.00M,57.00M,-54.00M,-33.00M,-54.00M,-210.00M,13.00M,-275.00M,,0.00,-275.00M,457.00M,-153.00M,,2012-11,-0.27,-0.27,,2012-11,-0.27,,,2012-11,1.014B,,2012-11,AOR,Restated
2012-08,1.963B,1.963B,1.744B,219.00M,139.00M,235.00M,0.00,6.00M,53.00M,1.00M,-52.00M,0.00,374.00M,-155.00M,1.00M,53.00M,-52.00M,11.00M,-52.00M,-196.00M,14.00M,-242.00M,,-1.00M,-243.00M,483.00M,-143.00M,,2012-08,-0.24,-0.24,,2012-08,-0.24,,,2012-08,1.012B,,2012-08,AOR,Restated
2012-05,2.172B,2.172B,1.938B,234.00M,156.00M,231.00M,0.00,-9.00M,56.00M,3.00M,-53.00M,26.00M,413.00M,-179.00M,3.00M,56.00M,-53.00M,-11.00M,-53.00M,-243.00M,-38.00M,-320.00M,,0.00,-320.00M,525.00M,-187.00M,,2012-05,-0.32,-0.32,,2012-05,-0.32,,,2012-05,987.30M,,2012-05,AOR,Restated
2012-02,2.009B,2.009B,1.799B,210.00M,174.00M,222.00M,0.00,-5.00M,35.00M,2.00M,-33.00M,13.00M,409.00M,-199.00M,2.00M,35.00M,-33.00M,32.00M,-33.00M,-200.00M,9.00M,-282.00M,,0.00,-282.00M,569.00M,-165.00M,,2012-02,-0.29,-0.29,,2012-02,-0.29,,,2012-02,982.80M,,2012-02,AOR,Restated
2011-11,2.09B,2.09B,1.785B,305.00M,151.00M,230.00M,,0.00,35.00M,2.00M,-33.00M,6.00M,387.00M,-82.00M,2.00M,35.00M,-33.00M,,-33.00M,-115.00M,-2.00M,-187.00M,,0.00,-187.00M,564.00M,-80.00M,,2011-11,-0.19,-0.19,,2011-11,-0.19,0.00,,2011-11,981.40M,,2011-11,AOR,Restated
2011-08,2.14B,2.14B,1.819B,321.00M,155.00M,209.00M,,-305.00M,30.00M,2.00M,-28.00M,,70.00M,251.00M,2.00M,30.00M,-28.00M,-301.00M,-28.00M,-78.00M,16.00M,-134.00M,,-1.00M,-135.00M,555.00M,-48.00M,,2011-08,-0.14,-0.14,,2011-08,-0.14,,,2011-08,992.20M,,2011-08,AOR,Restated
2011-05,2.139B,2.139B,1.661B,478.00M,151.00M,211.00M,,131.00M,28.00M,6.00M,-22.00M,,362.00M,116.00M,6.00M,28.00M,-22.00M,131.00M,-22.00M,225.00M,104.00M,77.00M,,-2.00M,75.00M,547.00M,253.00M,,2011-05,0.07,0.07,,2011-05,0.07,0.00,,2011-05,998.90M,,2011-05,AOR,Restated
2011-02,2.257B,2.257B,1.822B,435.00M,146.00M,186.00M,,0.00,28.00M,7.00M,-21.00M,-76.00M,256.00M,179.00M,7.00M,28.00M,-21.00M,,-21.00M,158.00M,35.00M,75.00M,,-3.00M,72.00M,503.00M,186.00M,,2011-02,0.07,0.07,,2011-02,0.07,0.00,,2011-02,988.10M,,2011-02,AOR,Restated
2010-11,2.252B,2.252B,1.728B,524.00M,140.00M,185.00M,,-114.00M,38.00M,8.00M,-30.00M,-191.00M,134.00M,390.00M,8.00M,38.00M,-30.00M,-114.00M,-30.00M,246.00M,48.00M,172.00M,,-17.00M,155.00M,500.00M,284.00M,,2010-11,0.16,0.16,,2010-11,0.15,0.00,,2010-11,972.90M,,2010-11,AOR,Restated
2010-08,2.493B,2.493B,1.712B,781.00M,141.00M,197.00M,,-12.00M,41.00M,10.00M,-31.00M,,338.00M,443.00M,10.00M,41.00M,-31.00M,-12.00M,-31.00M,400.00M,25.00M,359.00M,,-17.00M,342.00M,509.00M,441.00M,,2010-08,0.34,0.34,,2010-08,0.30,0.00,,2010-08,970.00M,,2010-08,AOR,Restated
2010-05,2.288B,2.288B,1.44B,848.00M,190.00M,142.00M,,462.00M,44.00M,4.00M,-40.00M,,332.00M,516.00M,4.00M,44.00M,-40.00M,462.00M,-40.00M,938.00M,-41.00M,960.00M,,-21.00M,939.00M,476.00M,982.00M,,2010-05,1.06,1.06,,2010-05,0.92,0.00,,2010-05,885.40M,,2010-05,AOR,Restated
2010-02,1.961B,1.961B,1.319B,642.00M,100.00M,148.00M,,-1.00M,46.00M,2.00M,-44.00M,-21.00M,227.00M,415.00M,2.00M,46.00M,-44.00M,-1.00M,-44.00M,370.00M,4.00M,379.00M,,-14.00M,365.00M,446.00M,416.00M,,2010-02,0.43,0.43,,2010-02,0.39,0.00,,2010-02,847.60M,,2010-02,AOR,Restated
2009-11,1.74B,1.74B,1.297B,443.00M,97.00M,137.00M,,56.00M,47.00M,2.00M,-45.00M,8.00M,242.00M,201.00M,2.00M,47.00M,-45.00M,56.00M,-45.00M,212.00M,-7.00M,202.00M,,2.00M,204.00M,491.00M,259.00M,,2009-11,0.24,0.24,,2009-11,0.23,0.00,,2009-11,846.30M,,2009-11,AOR,Restated
2009-08,1.302B,1.302B,1.133B,169.00M,82.00M,139.00M,,-13.00M,45.00M,2.00M,-43.00M,-15.00M,206.00M,-37.00M,2.00M,45.00M,-43.00M,-13.00M,-43.00M,-93.00M,-13.00M,-114.00M,,14.00M,-100.00M,503.00M,-48.00M,,2009-08,-0.08,-0.08,,2009-08,-0.08,0.00,,2009-08,843.30M,,2009-08,AOR,Restated
2009-05,1.106B,1.106B,999.00M,107.00M,80.00M,162.00M,,-23.00M,49.00M,6.00M,-43.00M,92.00M,334.00M,-227.00M,6.00M,49.00M,-43.00M,-23.00M,-43.00M,-293.00M,-4.00M,-334.00M,,33.00M,-301.00M,526.00M,-244.00M,,2009-05,-0.37,-0.37,,2009-05,-0.37,0.00,,2009-05,813.30M,,2009-05,AOR,Restated
2009-02,993.00M,993.00M,1.26B,-267.00M,90.00M,168.00M,,-164.00M,47.00M,4.00M,-43.00M,21.00M,279.00M,-546.00M,4.00M,47.00M,-43.00M,-164.00M,-43.00M,-753.00M,5.00M,-814.00M,,51.00M,-763.00M,563.00M,-706.00M,,2009-02,-0.99,-0.99,,2009-02,-0.99,0.00,,2009-02,773.90M,,2009-02,,Restated
2008-11,1.402B,1.402B,1.851B,-449.00M,102.00M,178.00M,,43.00M,,,,9.00M,289.00M,-738.00M,,,,43.00M,,-706.00M,13.00M,-706.00M,,13.00M,-706.00M,594.00M,-738.00M,,2008-11,-0.91,-0.91,,2008-11,-0.91,0.00,,2008-11,773.30M,,2008-11,,
2008-08,1.449B,1.449B,1.514B,-65.00M,107.00M,167.00M,,-10.00M,20.00M,11.00M,-9.00M,-5.00M,269.00M,-334.00M,11.00M,20.00M,-9.00M,-10.00M,-9.00M,-353.00M,2.00M,-355.00M,,11.00M,-344.00M,532.00M,-333.00M,,2008-08,-0.45,-0.45,,2008-08,-0.45,0.00,,2008-08,772.80M,,2008-08,,Restated
2008-05,1.498B,1.498B,1.45B,48.00M,116.00M,170.00M,,-8.00M,21.00M,15.00M,-6.00M,-21.00M,265.00M,-217.00M,15.00M,21.00M,-6.00M,-8.00M,-6.00M,-231.00M,13.00M,-244.00M,,8.00M,-236.00M,513.00M,-210.00M,,2008-05,-0.30,-0.30,,2008-05,-0.30,0.00,,2008-05,772.80M,,2008-05,,Restated
2008-02,1.359B,1.359B,1.402B,-43.00M,120.00M,180.00M,,-435.00M,,,,421.00M,721.00M,-764.00M,,,,-435.00M,,-775.00M,-4.00M,-777.00M,,-6.00M,-777.00M,511.00M,-764.00M,,2008-02,-1.01,-1.01,,2008-02,-1.01,0.00,,2008-02,772.40M,,2008-02,,
2007-11,1.535B,1.535B,1.53B,5.00M,112.00M,163.00M,,9.00M,,,,-23.00M,252.00M,-247.00M,,,,9.00M,,-252.00M,7.00M,-262.00M,,-3.00M,-262.00M,504.00M,-247.00M,,2007-11,-0.34,-0.34,,2007-11,-0.34,0.00,,2007-11,771.90M,,2007-11,,
2007-08,1.437B,1.437B,1.264B,173.00M,143.00M,184.00M,,-7.00M,,,,-12.00M,315.00M,-142.00M,,,,-7.00M,,-146.00M,6.00M,-158.00M,,-6.00M,-158.00M,474.00M,-142.00M,,2007-08,-0.21,-0.21,,2007-08,-0.21,0.00,,2007-08,770.90M,,2007-08,,
2007-05,1.294B,1.294B,1.188B,106.00M,134.00M,195.00M,,29.00M,,,,-28.00M,301.00M,-195.00M,,,,29.00M,,-177.00M,9.00M,-225.00M,,-39.00M,-225.00M,444.00M,-195.00M,,2007-05,-0.29,-0.29,,2007-05,-0.29,0.00,,2007-05,769.90M,,2007-05,,
2007-02,1.427B,1.427B,1.07B,357.00M,153.00M,243.00M,,10.00M,,,,-5.00M,391.00M,-34.00M,,,,10.00M,,2.00M,6.00M,-52.00M,,-48.00M,-52.00M,420.00M,-34.00M,,2007-02,-0.07,-0.07,,2007-02,-0.07,0.00,,2007-02,768.70M,,2007-02,,
2006-11,1.53B,1.53B,1.088B,442.00M,180.00M,183.00M,,34.00M,,,,-31.00M,332.00M,110.00M,,,,34.00M,,153.00M,9.00M,115.00M,,-29.00M,115.00M,380.00M,110.00M,,2006-11,0.15,0.15,,2006-11,0.15,0.00,,2006-11,767.00M,,2006-11,,
2006-08,1.373B,1.373B,1.049B,323.80M,143.70M,163.30M,,38.70M,,,,-35.20M,271.80M,52.00M,,,,38.70M,,91.90M,4.00M,63.70M,,-24.20M,63.70M,344.80M,52.00M,,2006-08,0.08,0.08,,2006-08,0.08,0.00,,2006-08,746.60M,,2006-08,,
2006-05,1.312B,1.312B,982.50M,329.80M,113.20M,167.70M,,1.90M,,,,1.50M,282.40M,47.40M,,,,1.90M,,77.80M,6.50M,88.50M,,17.20M,88.50M,341.20M,47.40M,,2006-05,0.12,0.12,,2006-05,0.12,0.00,,2006-05,708.60M,,2006-05,,
2006-02,1.225B,1.225B,989.00M,236.00M,108.00M,159.00M,,220.00M,,,,-219.00M,48.00M,188.00M,,,,220.00M,,200.00M,7.00M,193.00M,,,193.00M,291.60M,188.00M,,2006-02,0.29,0.29,,2006-02,0.27,0.00,,2006-02,661.50M,,2006-02,,
2005-11,1.362B,1.362B,1.051B,311.10M,95.30M,165.50M,,12.20M,,,,-12.10M,248.70M,62.40M,,,,12.20M,,62.80M,0.20M,62.60M,,,62.60M,303.40M,62.40M,,2005-11,0.10,0.10,,2005-11,0.09,0.00,,2005-11,650.10M,,2005-11,,
2005-08,1.258B,1.258B,975.20M,282.40M,86.80M,150.80M,,-0.50M,,,,,236.60M,45.80M,,,,-0.50M,,43.60M,0.50M,43.10M,,,43.10M,315.40M,45.80M,,2005-08,0.0851,0.0851,,2005-08,0.07,0.00,,2005-08,647.10M,,2005-08,,
2005-05,1.054B,1.054B,967.60M,86.60M,63.30M,153.40M,,-1.30M,,,,,216.70M,-130.10M,,,,-1.30M,,-135.20M,-7.30M,-127.90M,,,-127.90M,318.60M,-130.10M,,2005-05,-0.20,-0.20,,2005-05,-0.20,0.00,,2005-05,648.20M,,2005-05,,
2005-02,1.308B,1.308B,954.00M,354.00M,85.00M,151.00M,,9.00M,,,,-8.00M,228.00M,126.00M,,,,9.00M,,122.00M,4.00M,118.00M,,,118.00M,317.30M,126.00M,,2005-02,0.18,0.18,,2005-02,0.17,0.00,,2005-02,647.10M,,2005-02,,
2004-11,1.260B,1.260B,837.30M,423.00M,86.80M,148.40M,,-14.20M,,,,12.90M,248.10M,174.90M,,,,-14.20M,,169.10M,14.20M,154.90M,,,154.90M,313.70M,174.90M,,2004-11,0.24,0.24,,2004-11,0.23,0.00,,2004-11,646.00M,,2004-11,,
2004-08,1.189B,1.189B,797.10M,391.90M,75.70M,199.30M,,8.60M,,,,,268.30M,123.60M,,,,8.60M,,121.30M,28.00M,93.30M,,,93.30M,309.80M,123.60M,,2004-08,0.1567,0.1567,,2004-08,0.14,0.00,,2004-08,640.30M,,2004-08,,
2004-05,1.117B,1.117B,728.90M,387.90M,94.30M,181.40M,,-1.90M,,,,3.20M,278.90M,109.00M,,,,-1.90M,,104.90M,14.00M,90.90M,,,90.90M,300.10M,109.00M,,2004-05,0.14,0.14,,2004-05,0.13,0.00,,2004-05,644.20M,,2004-05,,
2004-02,991.00M,991.00M,742.80M,248.20M,81.80M,187.90M,,15.60M,,,,-14.30M,255.40M,-7.20M,,,,15.60M,,-10.80M,17.50M,-28.30M,,,-28.30M,295.60M,-7.20M,,2004-02,-0.04,-0.04,,2004-02,-0.04,0.00,,2004-02,643.20M,,2004-02,,
2003-11,1.107B,1.107B,821.20M,286.00M,99.00M,186.40M,,21.50M,,,,,285.40M,0.60M,,,,21.50M,,16.60M,15.50M,1.10M,,,1.10M,312.50M,0.60M,,2003-11,0.00,0.00,,2003-11,0.00,0.00,,2003-11,633.80M,,2003-11,,
2003-08,888.50M,888.50M,719.00M,169.50M,124.20M,166.10M,,16.20M,,,,,268.40M,-98.90M,,,,16.20M,,-113.10M,10.10M,-123.20M,,,-123.20M,298.80M,-98.90M,,2003-08,-0.21,-0.21,,2003-08,-0.21,0.00,,2003-08,609.30M,,2003-08,,
2003-05,732.70M,732.70M,661.70M,71.00M,87.20M,161.70M,,-4.80M,,,,11.20M,260.10M,-189.10M,,,,-4.80M,,-191.00M,23.90M,-214.90M,,,-214.90M,301.00M,-189.10M,,2003-05,-0.36,-0.36,,2003-05,-0.36,0.00,,2003-05,608.30M,,2003-05,,
2003-02,785.00M,785.00M,1.009B,-223.90M,92.40M,174.10M,,-108.10M,,,,110.20M,376.70M,-600.60M,,,,-108.10M,,-601.60M,17.60M,-619.20M,,,-619.20M,310.20M,-600.60M,,2003-02,-1.02,-1.02,,2003-02,-1.02,0.00,,2003-02,607.20M,,2003-02,,
2002-11,685.10M,685.10M,722.40M,-37.30M,104.80M,154.50M,,0.60M,,,,,259.30M,-296.60M,,,,0.60M,,-294.50M,21.40M,-315.90M,,,-315.90M,299.90M,-296.60M,,2002-11,-0.52,-0.52,,2002-11,-0.52,0.00,,2002-11,605.20M,,2002-11,,
2002-08,748.00M,748.00M,957.20M,-209.20M,95.90M,136.50M,,-26.90M,,,,26.00M,258.40M,-467.60M,,,,-26.90M,,-464.40M,122.10M,-586.50M,,,-586.50M,295.50M,-467.60M,,2002-08,-0.98,-0.98,,2002-08,-0.98,0.00,,2002-08,603.90M,,2002-08,,
2002-05,771.20M,771.20M,603.00M,168.20M,77.20M,134.40M,,-1.90M,,,,3.30M,214.90M,-46.70M,,,,-1.90M,,-40.30M,-16.10M,-24.20M,,,-24.20M,293.40M,-46.70M,,2002-05,-0.04,-0.04,,2002-05,-0.04,0.00,,2002-05,602.30M,,2002-05,,
2002-02,645.90M,645.90M,502.90M,143.00M,79.30M,135.90M,,10.90M,,,,-13.20M,202.00M,-59.00M,,,,10.90M,,-50.70M,-20.30M,-30.40M,,,-30.40M,290.90M,-59.00M,,2002-02,-0.05,-0.05,,2002-02,-0.05,0.00,,2002-02,600.50M,,2002-02,,
2001-11,423.90M,423.90M,636.50M,-212.60M,84.90M,154.50M,,-5.90M,,,,,239.40M,-452.00M,,,,-5.90M,,-443.10M,-177.20M,-265.90M,,,-265.90M,297.60M,-452.00M,,2001-11,-0.44,-0.44,,2001-11,-0.44,0.00,,2001-11,599.20M,,2001-11,,
2001-08,480.30M,480.30M,1.099B,-619.10M,204.40M,105.10M,,-107.90M,,,,,383.10M,-1.002B,,,,-107.90M,,-1.020B,-445.20M,-575.50M,0.00,-0.60M,-575.50M,295.20M,-1.002B,,2001-08,-0.97,-0.97,,2001-08,-0.97,0.00,,2001-08,597.50M,,2001-08,,
2001-05,818.30M,818.30M,1.127B,-308.40M,104.30M,114.50M,,0.60M,,,,,218.80M,-527.20M,,,,0.60M,,-499.70M,-195.50M,-301.10M,-12.30M,3.10M,-313.40M,278.80M,-527.20M,,2001-05,-0.50,-0.53,,2001-05,-0.50,-0.03,,2001-05,596.30M,,2001-05,,
2001-02,1.066B,1.066B,866.80M,198.90M,109.00M,130.90M,,0.10M,,,,,239.90M,-41.00M,,,,0.10M,,-1.30M,-1.30M,-4.10M,-84.20M,-4.10M,-88.30M,272.20M,-41.00M,,2001-02,-0.01,-0.15,,2001-02,-0.01,-0.14,,2001-02,593.80M,,2001-02,,
2000-11,1.572B,1.572B,809.10M,762.50M,103.20M,139.00M,,5.10M,,,,,242.20M,520.30M,,,,5.10M,,561.60M,196.00M,359.50M,-7.30M,-6.10M,352.20M,268.20M,520.30M,,2000-11,0.62,0.61,,2000-11,0.59,-0.01,,2000-11,581.90M,,2000-11,,
2000-08,2.306B,2.306B,1.651B,655.20M,119.00M,131.70M,,0.40M,,,,,-462.50M,1.118B,,,,0.40M,,1.117B,381.20M,736.10M,-9.40M,-15.40M,726.70M,261.20M,1.118B,,2000-08,1.30,1.28,,2000-08,1.20,-0.02,,2000-08,590.50M,,2000-08,,
2000-05,1.554B,1.554B,725.00M,828.80M,112.40M,100.50M,,5.50M,,,,,385.70M,443.10M,,,,5.50M,,450.20M,160.30M,289.90M,-15.00M,-9.30M,274.90M,250.10M,443.10M,,2000-05,0.53,0.50,,2000-05,0.50,-0.03,,2000-05,551.00M,,2000-05,,
2000-02,1.159B,1.159B,448.30M,710.80M,93.40M,103.30M,,-0.20M,,,,,438.70M,272.10M,,,,-0.20M,,261.70M,92.90M,168.80M,-7.50M,-7.50M,161.30M,233.60M,272.10M,,2000-02,0.31,0.30,,2000-02,0.30,-0.01,,2000-02,540.80M,,2000-02,,
1999-11,1.584B,1.584B,793.10M,791.30M,167.60M,91.70M,,9.60M,,,,-1.10M,258.20M,533.10M,,,,9.60M,,533.10M,186.20M,341.30M,,-5.60M,341.30M,229.50M,533.10M,,1999-11,0.635,0.635,,1999-11,0.595,0.00,,1999-11,538.40M,,1999-11,,
1999-08,-108.10M,-108.10M,-187.90M,79.80M,-25.50M,85.80M,,0.50M,,,,,60.30M,19.50M,,,,0.50M,,-12.50M,3.40M,-7.60M,,-11.40M,-17.50M,216.80M,19.50M,,1999-08,-0.01,-0.03,,1999-08,-0.01,-0.02,,1999-08,533.20M,,1999-08,,
1999-05,863.80M,863.80M,685.90M,177.90M,124.10M,81.60M,,,,,,,205.70M,-27.80M,,,,,,-42.20M,-17.10M,-27.70M,,-2.60M,-27.70M,204.00M,-27.80M,,1999-05,-0.05,-0.05,,1999-05,-0.05,0.00,,1999-05,532.60M,,1999-05,,
1999-02,1.026B,1.026B,763.50M,262.30M,125.50M,85.50M,,0.40M,,,,,211.00M,51.30M,,,,0.40M,,-16.10M,16.10M,22.40M,,-1.50M,22.40M,219.40M,51.30M,,1999-02,0.04,0.04,,1999-02,0.04,0.00,,1999-02,528.60M,,1999-02,,
1998-11,793.60M,793.60M,685.50M,108.10M,103.00M,67.70M,,1.00M,,,,,170.70M,-62.60M,,,,1.00M,,-69.50M,-27.60M,-46.20M,,-4.30M,-46.20M,189.50M,-62.60M,,1998-11,-0.10,-0.10,,1998-11,-0.10,0.00,,1998-11,491.40M,,1998-11,,
1998-08,692.10M,692.10M,447.30M,244.80M,134.40M,76.50M,,-0.60M,,,,,382.80M,-138.00M,,,,-0.60M,,-145.30M,-52.00M,-93.30M,,-5.90M,-93.30M,171.90M,-138.00M,,1998-08,-0.22,-0.22,,1998-08,-0.22,0.00,,1998-08,422.47M,,1998-08,,
1998-05,612.70M,612.70M,458.20M,154.50M,111.40M,70.70M,,0.70M,,,,,333.30M,-178.80M,,,,0.70M,,-180.20M,-70.80M,-109.40M,,-2.10M,-109.40M,151.10M,-178.80M,,1998-05,-0.26,-0.26,,1998-05,-0.26,0.00,,1998-05,420.77M,,1998-05,,
