,OperatingRevenue,Revenue,CostofGoodsSold,GrossProfit,GeneralandAdministrativeExpense,SG&AExpense,SpecialIncomeandCharges,OperatingInterestExpense,NetOperatingInterestIncome,TotalOperatingExpenses,OperatingIncome,Non-OperatingInterestExpense,NetNon-OperatingInterestIncomeExpense,OtherIncomeandExpenses,NetInterestIncome,Pre-TaxIncome,ProvisionforIncomeTaxes,IncomefromContinuingOperations,IncomefromDiscontinuedOperations,"ExtraordinaryItems,IncomeStatement",PreferredStockDividend,NetIncome,NormalizedIncome,EBITDA,ReconciledDepreciation,BasicEPS(Quarterly),EPSBasicfromContinuingOperations,EPSBasicfromDiscontinuedOperations,EPSBasicfromExtraordinaries,EPSBasicfromTaxLossCarryforward,,DilutedEPS(Quarterly),EPSDilutedfromContinuingOperations,EPSDilutedfromDiscontinuedOperations,EPSDilutedfromExtraordinaries,EPSDiluted,,SharesData(Quarterly),DividendPerShare,,SECFilingLinks,AsOriginallyReported,Restated
2020-09,9.083B,9.083B,7.243B,1.84B,855.00M,855.00M,,154.00M,-154.00M,855.00M,985.00M,154.00M,-154.00M,336.00M,-154.00M,1.167B,181.00M,986.00M,,,,986.00M,986.00M,1.638B,317.00M,2020-09,5.91,,,,,2020-09,5.89,,,5.89,,2020-09,1.45,,2020-09,AOR,
2020-06,8.884B,8.884B,7.058B,1.826B,832.00M,832.00M,,154.00M,-154.00M,832.00M,994.00M,154.00M,-154.00M,363.00M,-154.00M,1.203B,198.00M,1.005B,,,,1.005B,1.005B,1.665B,308.00M,2020-06,6.02,,,,,2020-06,6.01,,,6.01,,2020-06,1.45,,2020-06,AOR,
2020-03,8.62B,8.62B,6.898B,1.722B,788.00M,788.00M,,125.00M,-125.00M,788.00M,934.00M,125.00M,-125.00M,244.00M,-125.00M,1.053B,185.00M,868.00M,,,,868.00M,868.00M,1.475B,297.00M,2020-03,5.18,,,,,2020-03,5.15,,,5.15,,2020-03,1.32,,2020-03,AOR,
2019-12,8.721B,8.721B,6.615B,2.106B,970.00M,970.00M,,130.00M,-130.00M,970.00M,1.136B,130.00M,-130.00M,-1.575B,-130.00M,-569.00M,-160.00M,-409.00M,,,,-409.00M,-409.00M,-345.00M,94.00M,2019-12,-2.39,,,,,2019-12,-2.39,,,-2.39,,2019-12,1.32,,2019-12,AOR,
2019-09,8.475B,8.475B,6.748B,1.727B,776.00M,776.00M,,123.00M,-123.00M,776.00M,951.00M,123.00M,-123.00M,227.00M,-123.00M,1.055B,122.00M,933.00M,,,,933.00M,933.00M,1.496B,318.00M,2019-09,5.52,,,,,2019-09,5.49,,,5.49,,2019-09,1.32,,2019-09,AOR,Restated
2019-06,8.456B,8.456B,6.726B,1.73B,784.00M,784.00M,,137.00M,-137.00M,784.00M,946.00M,137.00M,-137.00M,219.00M,-137.00M,1.028B,167.00M,861.00M,,,,861.00M,861.00M,1.469B,304.00M,2019-06,5.07,,,,,2019-06,5.06,,,5.06,,2019-06,1.32,,2019-06,AOR,Restated
2019-03,8.189B,8.189B,6.493B,1.696B,760.00M,760.00M,,138.00M,-138.00M,760.00M,936.00M,138.00M,-138.00M,236.00M,-138.00M,1.034B,171.00M,863.00M,,,,863.00M,863.00M,1.474B,302.00M,2019-03,5.08,,,,,2019-03,5.06,,,5.06,,2019-03,1.20,,2019-03,AOR,Restated
2018-12,8.156B,8.156B,6.469B,1.687B,744.00M,744.00M,,142.00M,-142.00M,744.00M,943.00M,142.00M,-142.00M,-398.00M,-142.00M,403.00M,47.00M,356.00M,,,,356.00M,356.00M,811.00M,266.00M,2018-12,2.11,,,,,2018-12,2.09,,,2.09,,2018-12,1.20,,2018-12,AOR,Restated
2018-09,8.085B,8.085B,6.096B,1.989B,817.00M,817.00M,,133.00M,-133.00M,817.00M,1.172B,133.00M,-133.00M,325.00M,-133.00M,1.364B,120.00M,1.244B,,,,1.244B,1.244B,1.75B,253.00M,2018-09,7.15,,,,,2018-09,7.11,,,7.11,,2018-09,1.20,,2018-09,AOR,Restated
2018-06,7.119B,7.119B,5.563B,1.556B,739.00M,739.00M,,144.00M,-144.00M,739.00M,817.00M,144.00M,-144.00M,303.00M,-144.00M,976.00M,187.00M,789.00M,,,,789.00M,789.00M,1.279B,159.00M,2018-06,4.52,,,,,2018-06,4.50,,,4.50,,2018-06,1.20,,2018-06,AOR,Restated
2018-03,6.735B,6.735B,5.176B,1.559B,711.00M,711.00M,,143.00M,-143.00M,711.00M,848.00M,143.00M,-143.00M,294.00M,-143.00M,999.00M,159.00M,840.00M,,,,840.00M,840.00M,1.264B,122.00M,2018-03,4.82,,,,,2018-03,4.79,,,4.79,,2018-03,1.10,,2018-03,AOR,Restated
2017-12,6.552B,6.552B,5.257B,1.295B,649.00M,649.00M,,136.00M,-136.00M,649.00M,646.00M,136.00M,-136.00M,1.337B,-136.00M,1.847B,826.00M,1.021B,,,,1.021B,1.021B,2.135B,152.00M,2017-12,5.86,,,,,2017-12,5.82,,,5.82,,2017-12,1.00,,2017-12,AOR,Restated
2017-09,6.569B,6.569B,5.053B,1.516B,679.00M,679.00M,,73.00M,-73.00M,679.00M,837.00M,73.00M,-73.00M,18.00M,-73.00M,782.00M,139.00M,643.00M,,,,643.00M,643.00M,965.00M,110.00M,2017-09,3.69,,,,,2017-09,3.67,,,3.67,,2017-09,1.00,,2017-09,AOR,Restated
2017-06,6.473B,6.473B,4.914B,1.559B,686.00M,686.00M,,76.00M,-76.00M,686.00M,873.00M,76.00M,-76.00M,15.00M,-76.00M,812.00M,257.00M,555.00M,,,,555.00M,555.00M,997.00M,109.00M,2017-06,3.18,,,,,2017-06,3.16,,,3.16,,2017-06,1.00,,2017-06,AOR,Restated
2017-03,6.41B,6.41B,4.85B,1.56B,698.00M,698.00M,,75.00M,-75.00M,698.00M,862.00M,75.00M,-75.00M,1.00M,-75.00M,788.00M,138.00M,650.00M,,,,650.00M,650.00M,967.00M,104.00M,2017-03,3.72,,,,,2017-03,3.69,,,3.69,,2017-03,0.90,,2017-03,AOR,Restated
2016-12,6.595B,6.595B,4.986B,1.609B,694.00M,694.00M,,77.00M,-77.00M,694.00M,915.00M,77.00M,-77.00M,-332.00M,-77.00M,506.00M,138.00M,368.00M,,,,368.00M,368.00M,717.00M,134.00M,2016-12,2.10,,,,,2016-12,2.09,,,2.09,,2016-12,0.90,,2016-12,AOR,Restated
2016-09,6.155B,6.155B,4.667B,1.488B,662.00M,662.00M,,74.00M,-74.00M,662.00M,826.00M,74.00M,-74.00M,17.00M,-74.00M,769.00M,167.00M,602.00M,,,,602.00M,602.00M,956.00M,113.00M,2016-09,3.38,,,,,2016-09,3.35,,,3.35,,2016-09,0.90,,2016-09,AOR,Restated
2016-06,6.00B,6.00B,4.583B,1.417B,620.00M,620.00M,,74.00M,-74.00M,620.00M,797.00M,74.00M,-74.00M,7.00M,-74.00M,730.00M,213.00M,517.00M,,,,517.00M,517.00M,910.00M,106.00M,2016-06,2.87,,,,,2016-06,2.85,,,2.85,,2016-06,0.90,,2016-06,AOR,Restated
2016-03,5.956B,5.956B,4.561B,1.395B,656.00M,656.00M,,76.00M,-76.00M,656.00M,739.00M,76.00M,-76.00M,13.00M,-76.00M,676.00M,120.00M,556.00M,,,,556.00M,556.00M,855.00M,103.00M,2016-03,3.07,,,,,2016-03,3.03,,,3.03,,2016-03,0.80,,2016-03,AOR,Restated
2015-12,5.694B,5.694B,4.378B,1.316B,627.00M,627.00M,,75.00M,-75.00M,627.00M,689.00M,75.00M,-75.00M,7.00M,-75.00M,621.00M,162.00M,459.00M,,,,459.00M,459.00M,834.00M,138.00M,2015-12,2.53,,,,,2015-12,2.50,,,2.50,,2015-12,0.80,,2015-12,AOR,Restated
2015-09,5.979B,5.979B,4.522B,1.457B,663.00M,663.00M,,75.00M,-75.00M,663.00M,794.00M,75.00M,-75.00M,10.00M,-75.00M,729.00M,213.00M,516.00M,,,,516.00M,516.00M,917.00M,113.00M,2015-09,2.78,,,,,2015-09,2.75,,,2.75,,2015-09,0.80,,2015-09,AOR,Restated
2015-06,5.896B,5.896B,4.442B,1.454B,641.00M,641.00M,,75.00M,-75.00M,641.00M,813.00M,75.00M,-75.00M,-2.00M,-75.00M,736.00M,205.00M,531.00M,,,,531.00M,531.00M,928.00M,117.00M,2015-06,2.77,,,,,2015-06,2.74,,,2.74,,2015-06,0.80,,2015-06,AOR,Restated
2015-03,5.957B,5.957B,4.542B,1.415B,635.00M,635.00M,,76.00M,-76.00M,635.00M,780.00M,76.00M,-76.00M,,-76.00M,704.00M,220.00M,484.00M,,,,484.00M,484.00M,879.00M,99.00M,2015-03,2.45,,,,,2015-03,2.41,,,2.41,,2015-03,0.70,,2015-03,AOR,Restated
2014-12,6.108B,6.108B,4.653B,1.455B,693.00M,693.00M,,74.00M,-74.00M,693.00M,762.00M,74.00M,-74.00M,13.00M,-74.00M,701.00M,195.00M,506.00M,,,,506.00M,506.00M,915.00M,140.00M,2014-12,2.52,,,,,2014-12,2.47,,,2.47,,2014-12,0.70,,2014-12,AOR,Restated
2014-09,5.984B,5.984B,4.635B,1.349B,580.00M,580.00M,,69.00M,-69.00M,580.00M,769.00M,69.00M,-69.00M,-6.00M,-69.00M,694.00M,221.00M,473.00M,,,,473.00M,473.00M,868.00M,105.00M,2014-09,2.29,,,,,2014-09,2.26,,,2.26,,2014-09,0.70,,2014-09,AOR,Restated
2014-06,6.039B,6.039B,4.629B,1.41B,590.00M,590.00M,,70.00M,-70.00M,590.00M,820.00M,70.00M,-70.00M,6.00M,-70.00M,756.00M,245.00M,511.00M,,,,511.00M,511.00M,934.00M,108.00M,2014-06,2.41,,,,,2014-06,2.37,,,2.37,,2014-06,0.70,,2014-06,AOR,Restated
2014-03,5.848B,5.848B,4.461B,1.387B,542.00M,542.00M,,69.00M,-69.00M,542.00M,845.00M,69.00M,-69.00M,10.00M,-69.00M,786.00M,207.00M,579.00M,,,,579.00M,579.00M,964.00M,109.00M,2014-03,2.68,,,,,2014-03,2.63,,,2.63,,2014-03,0.61,,2014-03,AOR,Restated
2013-12,6.157B,6.157B,4.828B,1.329B,561.00M,561.00M,,74.00M,-74.00M,561.00M,768.00M,74.00M,-74.00M,13.00M,-74.00M,707.00M,229.00M,478.00M,,,,478.00M,478.00M,931.00M,150.00M,2013-12,2.17,,,,,2013-12,2.13,,,2.13,,2013-12,0.61,,2013-12,AOR,Restated
2013-09,6.106B,6.106B,4.761B,1.345B,555.00M,555.00M,,70.00M,-70.00M,555.00M,790.00M,70.00M,-70.00M,,-70.00M,720.00M,223.00M,497.00M,,,,497.00M,497.00M,910.00M,120.00M,2013-09,2.18,,,,,2013-09,2.14,,,2.14,,2013-09,0.61,,2013-09,AOR,Restated
2013-06,6.294B,6.294B,4.906B,1.388B,582.00M,582.00M,,60.00M,-60.00M,582.00M,806.00M,60.00M,-60.00M,-22.00M,-60.00M,724.00M,236.00M,488.00M,,,,488.00M,488.00M,899.00M,115.00M,2013-06,2.09,,,,,2013-06,2.05,,,2.05,,2013-06,0.61,,2013-06,AOR,Restated
2013-03,6.104B,6.104B,4.787B,1.317B,558.00M,558.00M,,53.00M,-53.00M,558.00M,759.00M,53.00M,-53.00M,6.00M,-53.00M,712.00M,223.00M,489.00M,,,,489.00M,489.00M,875.00M,110.00M,2013-03,2.07,,,,,2013-03,2.03,,,2.03,,2013-03,0.55,,2013-03,AOR,Restated
2012-12,6.476B,6.476B,4.915B,1.561B,737.00M,737.00M,,54.00M,-54.00M,737.00M,824.00M,54.00M,-54.00M,17.00M,-54.00M,787.00M,254.00M,533.00M,,,,533.00M,533.00M,980.00M,139.00M,2012-12,2.19,,,,,2012-12,2.14,,,2.14,,2012-12,0.55,,2012-12,AOR,Restated
2012-09,6.27B,6.27B,4.962B,1.308B,572.00M,572.00M,,53.00M,-53.00M,572.00M,736.00M,53.00M,-53.00M,12.00M,-53.00M,695.00M,236.00M,459.00M,,,,459.00M,459.00M,876.00M,128.00M,2012-09,1.86,,,,,2012-09,1.82,,,1.82,,2012-09,0.55,,2012-09,AOR,Restated
2012-06,6.274B,6.274B,4.92B,1.354B,580.00M,580.00M,,52.00M,-52.00M,580.00M,774.00M,52.00M,-52.00M,5.00M,-52.00M,727.00M,247.00M,480.00M,,,,480.00M,480.00M,902.00M,123.00M,2012-06,1.91,,,,,2012-06,1.88,,,1.88,,2012-06,0.55,,2012-06,AOR,Restated
2012-03,6.198B,6.198B,4.841B,1.357B,561.00M,561.00M,,53.00M,-53.00M,561.00M,796.00M,53.00M,-53.00M,13.00M,-53.00M,756.00M,250.00M,506.00M,,,,506.00M,506.00M,929.00M,120.00M,2012-03,2.00,,,,,2012-03,1.96,,,1.96,,2012-03,0.50,,2012-03,AOR,Restated
2011-12,6.506B,6.506B,5.07B,1.436B,,637.00M,,53.00M,-53.00M,637.00M,799.00M,53.00M,-53.00M,36.00M,-53.00M,782.00M,232.00M,550.00M,-2.00M,,,548.00M,550.00M,992.00M,157.00M,2011-12,2.11,-0.01,,,,2011-12,2.07,-0.01,,2.07,,2011-12,0.50,,2011-12,AOR,Restated
2011-09,6.612B,6.612B,5.198B,1.414B,,589.00M,-13.00M,57.00M,-57.00M,589.00M,825.00M,57.00M,-57.00M,-13.00M,-57.00M,755.00M,235.00M,520.00M,0.00,,,520.00M,528.95M,944.00M,132.00M,2011-09,1.89,0.00,,,,2011-09,1.86,0.00,,1.86,,2011-09,0.50,,2011-09,AOR,Restated
2011-06,6.56B,6.56B,5.163B,1.397B,,556.00M,0.00,53.00M,-53.00M,556.00M,841.00M,53.00M,-53.00M,,-53.00M,788.00M,268.00M,520.00M,0.00,,,520.00M,520.00M,975.00M,134.00M,2011-06,1.84,0.00,,,,2011-06,1.81,0.00,,1.81,,2011-06,0.50,,2011-06,AOR,Restated
2011-03,6.734B,6.734B,5.355B,1.379B,,568.00M,5.00M,58.00M,-58.00M,568.00M,811.00M,58.00M,-58.00M,5.00M,-58.00M,758.00M,262.00M,496.00M,34.00M,,,530.00M,492.73M,937.00M,121.00M,2011-03,1.70,0.12,,,,2011-03,1.67,0.12,,1.79,,2011-03,0.47,,2011-03,AOR,Restated
2010-12,6.903B,6.903B,5.58B,1.323B,,648.00M,-239.00M,63.00M,-63.00M,648.00M,675.00M,63.00M,-63.00M,-202.00M,-63.00M,410.00M,104.00M,306.00M,70.00M,,,376.00M,484.38M,633.00M,160.00M,2010-12,1.06,0.23,,,,2010-12,1.04,0.23,,1.28,,2010-12,0.47,,2010-12,AOR,Restated
2010-09,7.071B,7.071B,5.774B,1.297B,,574.00M,13.00M,64.00M,-64.00M,574.00M,723.00M,64.00M,-64.00M,13.00M,-64.00M,672.00M,224.00M,448.00M,49.00M,,,497.00M,439.33M,872.00M,136.00M,2010-09,1.53,0.16,,,,2010-09,1.51,0.16,,1.67,,2010-09,0.47,,2010-09,AOR,Restated
2010-06,7.255B,7.255B,5.884B,1.371B,,621.00M,-10.00M,65.00M,-65.00M,621.00M,750.00M,65.00M,-65.00M,-10.00M,-65.00M,675.00M,-65.00M,740.00M,-29.00M,,,711.00M,746.50M,870.00M,130.00M,2010-06,2.47,-0.10,,,,2010-06,2.44,-0.10,,2.34,,2010-06,0.47,,2010-06,AOR,Restated
2010-03,6.914B,6.914B,5.611B,1.303B,,624.00M,7.00M,77.00M,-77.00M,624.00M,679.00M,77.00M,-77.00M,7.00M,-77.00M,609.00M,199.00M,410.00M,59.00M,,,469.00M,405.29M,815.00M,129.00M,2010-03,1.36,0.19,,,,2010-03,1.34,0.19,,1.53,,2010-03,0.43,,2010-03,AOR,Restated
2009-12,8.925B,8.925B,7.355B,1.57B,,939.00M,2.00M,62.00M,-62.00M,939.00M,631.00M,62.00M,-62.00M,2.00M,-62.00M,571.00M,196.00M,375.00M,38.00M,,,413.00M,373.69M,832.00M,199.00M,2009-12,1.21,0.12,,,,2009-12,1.20,0.11,,1.31,,2009-12,0.43,,2009-12,AOR,Restated
2009-09,8.35B,8.35B,6.987B,1.363B,,744.00M,41.00M,76.00M,-76.00M,744.00M,619.00M,76.00M,-76.00M,41.00M,-76.00M,584.00M,120.00M,464.00M,26.00M,,,490.00M,431.42M,844.00M,184.00M,2009-09,1.46,0.09,,,,2009-09,1.45,0.08,,1.53,,2009-09,0.43,,2009-09,AOR,Restated
2009-06,8.545B,8.545B,7.19B,1.355B,,741.00M,13.00M,70.00M,-70.00M,741.00M,614.00M,70.00M,-70.00M,13.00M,-70.00M,557.00M,189.00M,368.00M,26.00M,,,394.00M,359.41M,806.00M,179.00M,2009-06,1.14,0.08,,,,2009-06,1.13,0.08,,1.21,,2009-06,0.43,,2009-06,AOR,Restated
2009-03,7.935B,7.935B,6.598B,1.337B,,718.00M,8.00M,73.00M,-73.00M,718.00M,619.00M,73.00M,-73.00M,8.00M,-73.00M,554.00M,188.00M,366.00M,23.00M,,,389.00M,360.71M,801.00M,174.00M,2009-03,1.12,0.07,,,,2009-03,1.10,0.07,,1.17,,2009-03,0.40,,2009-03,AOR,Restated
2008-12,7.582B,7.582B,6.003B,1.579B,,823.00M,-3.094B,,,823.00M,756.00M,,,-3.094B,,-2.41B,224.00M,-2.634B,101.00M,,,-2.533B,-622.90M,-2.263B,3.00M,2008-12,-7.84,0.30,,,,2008-12,-7.84,0.30,,-7.54,,2008-12,0.40,,2008-12,,Restated
2008-09,8.381B,8.381B,6.825B,1.556B,,785.00M,45.00M,,,785.00M,771.00M,,,45.00M,,742.00M,233.00M,509.00M,3.00M,,,512.00M,478.13M,955.00M,184.00M,2008-09,1.52,0.01,,,,2008-09,1.50,0.01,,1.51,,2008-09,0.40,,2008-09,,
2008-06,8.628B,8.628B,7.025B,1.603B,,797.00M,5.00M,,,797.00M,806.00M,,,5.00M,,739.00M,256.00M,483.00M,12.00M,,,495.00M,479.73M,991.00M,185.00M,2008-06,1.42,0.04,,,,2008-06,1.40,0.04,,1.44,,2008-06,0.40,,2008-06,,
2008-03,7.724B,7.724B,6.522B,1.202B,,738.00M,15.00M,,,738.00M,464.00M,,,15.00M,,409.00M,146.00M,263.00M,1.00M,,,264.00M,253.35M,659.00M,195.00M,2008-03,0.78,0.00,,,,2008-03,0.76,0.00,,0.76,,2008-03,0.37,,2008-03,,
2007-12,8.955B,8.955B,7.298B,1.657B,,910.00M,-9.00M,,,910.00M,747.00M,,,-9.00M,,686.00M,238.00M,448.00M,6.00M,,,454.00M,453.88M,944.00M,197.00M,2007-12,1.35,-0.01,,,,2007-12,1.32,-0.01,,1.31,,2007-12,0.37,,2007-12,,
2007-09,7.871B,7.871B,6.282B,1.589B,,783.00M,7.00M,,,783.00M,806.00M,,,7.00M,,729.00M,240.00M,489.00M,,,,489.00M,484.30M,989.00M,183.00M,2007-09,1.44,0.00,,,,2007-09,1.41,0.00,,1.41,,2007-09,0.37,,2007-09,,
2007-06,7.878B,7.878B,6.307B,1.571B,,808.00M,-9.00M,,,808.00M,763.00M,,,-9.00M,,671.00M,199.00M,472.00M,-12.00M,,,460.00M,478.33M,936.00M,173.00M,2007-06,1.37,-0.03,,,,2007-06,1.35,-0.04,,1.31,,2007-06,0.37,,2007-06,,
2007-03,7.314B,7.314B,5.917B,1.397B,,707.00M,-8.00M,,,707.00M,690.00M,,,-8.00M,,600.00M,206.00M,394.00M,-7.00M,,,387.00M,399.25M,856.00M,166.00M,2007-03,1.14,-0.02,,,,2007-03,1.12,-0.02,,1.10,,2007-03,0.37,,2007-03,,
2006-12,8.013B,8.013B,6.585B,1.428B,,805.00M,134.00M,,,805.00M,623.00M,,,134.00M,,688.00M,231.00M,457.00M,-4.00M,,,453.00M,367.99M,806.00M,183.00M,2006-12,1.38,-0.07,,,,2006-12,1.34,-0.07,,1.28,,2006-12,0.30,,2006-12,,
2006-09,7.429B,7.429B,6.094B,1.335B,,786.00M,1.00M,,,786.00M,549.00M,,,1.00M,,477.00M,169.00M,308.00M,-6.00M,,,302.00M,307.35M,714.00M,165.00M,2006-09,0.89,-0.01,,,,2006-09,0.88,-0.02,,0.86,,2006-09,0.30,,2006-09,,
2006-06,7.601B,7.601B,6.155B,1.446B,,764.00M,-9.00M,,,764.00M,682.00M,,,-9.00M,,589.00M,147.00M,442.00M,-12.00M,,,430.00M,448.75M,852.00M,170.00M,2006-06,1.28,-0.03,,,,2006-06,1.26,-0.03,,1.23,,2006-06,0.30,,2006-06,,
2006-03,7.093B,7.093B,5.812B,1.281B,,677.00M,-1.00M,,,677.00M,604.00M,,,-1.00M,,526.00M,164.00M,362.00M,-4.00M,,,358.00M,362.69M,777.00M,173.00M,2006-03,1.05,-0.01,,,,2006-03,1.03,-0.01,,1.02,,2006-03,0.26,,2006-03,,
2005-12,7.578B,7.578B,6.147B,1.431B,,885.00M,16.00M,,,885.00M,546.00M,,,16.00M,,471.00M,133.00M,338.00M,-7.00M,,,331.00M,326.52M,757.00M,211.00M,2005-12,0.95,0.00,,,,2005-12,0.93,-0.01,,0.92,,2005-12,0.26,,2005-12,,
2005-09,7.291B,7.291B,6.193B,1.098B,,660.00M,94.00M,,,660.00M,438.00M,,,94.00M,,439.00M,148.00M,291.00M,2.00M,,,293.00M,228.69M,626.00M,188.00M,2005-09,0.81,0.01,,,,2005-09,0.80,0.01,,0.81,,2005-09,0.26,,2005-09,,
2005-06,7.807B,7.807B,6.497B,1.31B,,689.00M,7.00M,,,689.00M,621.00M,,,7.00M,,559.00M,190.00M,369.00M,-2.00M,,,367.00M,364.38M,803.00M,182.00M,2005-06,1.03,-0.01,,,,2005-06,1.01,-0.01,,1.00,,2005-06,0.26,,2005-06,,
2005-03,7.453B,7.453B,6.196B,1.257B,,662.00M,82.00M,,,662.00M,595.00M,,,82.00M,,596.00M,198.00M,398.00M,11.00M,,,409.00M,343.24M,768.00M,173.00M,2005-03,1.10,0.03,,,,2005-03,1.08,0.03,,1.11,,2005-03,0.23,,2005-03,,
2004-12,6.993B,6.993B,5.794B,1.199B,,682.00M,-25.00M,,,682.00M,517.00M,,,-25.00M,,402.00M,143.00M,259.00M,13.00M,,,272.00M,275.11M,701.00M,184.00M,2004-12,0.71,0.04,,,,2004-12,0.71,0.04,,0.74,,2004-12,0.23,,2004-12,,
2004-09,7.408B,7.408B,6.227B,1.181B,,643.00M,-6.00M,,,643.00M,538.00M,,,-6.00M,,442.00M,151.00M,291.00M,,,,278.00M,294.95M,723.00M,185.00M,2004-09,0.81,-0.03,,-0.0364,,2004-09,0.80,-0.04,,0.76,,2004-09,0.23,,2004-09,,
2004-06,7.435B,7.435B,6.265B,1.17B,,677.00M,3.00M,,,677.00M,493.00M,,,3.00M,,400.00M,102.00M,298.00M,,,,298.00M,295.76M,667.00M,174.00M,2004-06,0.83,0.00,,,,2004-06,0.82,0.00,,0.82,,2004-06,0.23,,2004-06,,
2004-03,7.164B,7.164B,6.085B,1.079B,,641.00M,10.00M,,,641.00M,438.00M,,,10.00M,,351.00M,119.00M,232.00M,4.00M,,,236.00M,225.39M,611.00M,173.00M,2004-03,0.64,0.01,,,,2004-03,0.64,0.01,,0.65,,2004-03,0.20,,2004-03,,
2003-12,7.149B,7.149B,6.219B,930.00M,,568.00M,2.00M,,,568.00M,362.00M,,,2.00M,,263.00M,80.00M,183.00M,18.00M,,0.00,224.00M,181.61M,520.00M,158.00M,2003-12,0.57,-0.0219,,0.0513,,2003-12,0.56,-0.0234,,0.38,,2003-12,0.20,,2003-12,,
2003-09,6.664B,6.664B,5.65B,1.014B,,620.00M,-4.00M,,,620.00M,394.00M,,,-4.00M,,288.00M,88.00M,200.00M,-42.00M,,,184.00M,202.78M,567.00M,173.00M,2003-09,0.55,-0.05,,0.0710,,2003-09,0.54,-0.05,,0.50,,2003-09,0.20,,2003-09,,
2003-06,6.627B,6.627B,5.685B,942.00M,,551.00M,11.00M,,,551.00M,391.00M,,,11.00M,,300.00M,93.00M,207.00M,-2.00M,,6.00M,205.00M,199.41M,522.00M,131.00M,2003-06,0.55,-0.005,,,,2003-06,0.545,-0.005,,0.54,,2003-06,0.20,,2003-06,,
2003-03,5.866B,5.866B,4.963B,903.00M,,575.00M,17.00M,,,575.00M,328.00M,,,17.00M,,213.00M,39.00M,174.00M,79.00M,,,253.00M,160.11M,501.00M,173.00M,2003-03,0.46,0.215,,,,2003-03,0.455,0.215,,0.67,,2003-03,0.20,,2003-03,,
2002-12,5.03B,5.03B,4.369B,661.00M,,521.00M,11.00M,,,521.00M,140.00M,,,11.00M,,60.00M,76.00M,-16.00M,158.00M,0.00,7.00M,142.00M,-22.60M,267.00M,127.00M,2002-12,-0.145,0.7777,0.0000,,,2002-12,-0.145,0.7777,0.7380,2.63,,2002-12,0.20,,2002-12,,
2002-09,4.214B,4.214B,3.44B,774.00M,,461.00M,-9.00M,,,461.00M,313.00M,,,-9.00M,,198.00M,57.00M,141.00M,-200.00M,,6.00M,-59.00M,147.41M,418.00M,105.00M,2002-09,0.595,-0.885,,,,2002-09,0.585,-0.885,,-0.29,,2002-09,0.20,,2002-09,,
2002-06,4.231B,4.231B,3.457B,774.00M,,420.00M,10.00M,,,420.00M,354.00M,,,10.00M,,261.00M,80.00M,181.00M,1.00M,,6.00M,182.00M,174.07M,507.00M,153.00M,2002-06,0.775,0.005,,,,2002-06,0.76,0.005,,0.765,,2002-06,0.20,,2002-06,,
2002-03,3.931B,3.931B,3.26B,671.00M,,358.00M,10.00M,,,358.00M,313.00M,,,10.00M,,216.00M,67.00M,149.00M,,-432.00M,6.00M,-283.00M,142.10M,453.00M,140.00M,2002-03,0.645,-1.94,-0.0000,,,2002-03,0.635,-1.94,-1.941,-1.295,,2002-03,0.20,,2002-03,,
2001-12,4.145B,4.145B,3.393B,752.00M,,428.00M,-29.00M,,,428.00M,324.00M,,,-29.00M,,224.00M,83.00M,141.00M,-10.00M,,6.00M,131.00M,159.25M,500.00M,176.00M,2001-12,0.485,-0.0470,,,,2001-12,0.485,-0.0470,,0.62,,2001-12,0.20,,2001-12,,
2001-09,3.41B,3.41B,2.911B,499.00M,,259.00M,14.00M,,,259.00M,240.00M,,,14.00M,,146.00M,54.00M,92.00M,-13.00M,,6.00M,79.00M,83.18M,443.00M,203.00M,2001-09,0.50,-0.075,,,,2001-09,0.50,-0.08,,0.42,,2001-09,0.20,,2001-09,,
2001-06,3.663B,3.663B,3.019B,644.00M,,369.00M,31.00M,,,369.00M,275.00M,,,31.00M,,192.00M,78.00M,114.00M,,,6.00M,114.00M,95.40M,442.00M,167.00M,2001-06,0.645,0.00,,,,2001-06,0.64,0.00,,0.64,,2001-06,0.20,,2001-06,,
2001-03,1.986B,1.986B,1.548B,438.00M,,248.00M,17.00M,,,248.00M,190.00M,,,17.00M,,160.00M,57.00M,103.00M,,,,103.00M,92.06M,289.00M,99.00M,2001-03,0.715,0.00,,,,2001-03,0.71,0.00,,0.71,,2001-03,0.20,,2001-03,,
2000-12,2.229B,2.229B,1.447B,782.00M,,430.00M,-22.00M,,,530.00M,252.00M,,,-22.00M,,219.00M,75.00M,144.00M,-19.00M,,,125.00M,158.47M,352.00M,100.00M,2000-12,1.00,-0.14,,,,2000-12,0.99,-0.14,,0.855,,2000-12,0.20,,2000-12,,
2000-09,1.731B,1.731B,1.191B,540.00M,,211.00M,41.00M,,,298.00M,242.00M,,,41.00M,,240.00M,90.00M,150.00M,-18.00M,,,132.00M,124.38M,329.00M,87.00M,2000-09,1.06,-0.125,,,,2000-09,1.055,-0.125,,0.93,,2000-09,0.20,,2000-09,,
2000-06,1.856B,1.856B,1.22B,636.00M,,220.00M,2.00M,,,319.00M,317.00M,,,2.00M,,273.00M,98.00M,175.00M,3.00M,,,178.00M,173.72M,416.00M,99.00M,2000-06,1.25,0.025,,,,2000-06,1.25,0.025,,1.275,,2000-06,0.20,,2000-06,,
2000-03,1.802B,1.802B,1.257B,545.00M,,213.00M,2.00M,,,258.00M,287.00M,,,2.00M,,243.00M,87.00M,156.00M,17.00M,,,173.00M,154.72M,382.00M,95.00M,2000-03,1.235,0.00,,,,2000-03,1.235,0.00,,1.235,,2000-03,0.20,,2000-03,,
1999-12,2.18B,2.18B,1.498B,682.00M,,326.00M,-5.00M,,,427.00M,255.00M,,,-5.00M,,217.00M,78.00M,139.00M,-1.00M,0.00,,138.00M,142.20M,356.00M,101.00M,1999-12,0.995,-0.01,0.00,,,1999-12,0.99,-0.01,0.0005,0.98,,1999-12,0.20,,1999-12,,
1999-09,1.805B,1.805B,1.232B,573.00M,,235.00M,1.00M,,,330.00M,243.00M,,,1.00M,,180.00M,65.00M,115.00M,12.00M,,,127.00M,114.36M,338.00M,95.00M,1999-09,0.84,0.075,,,,1999-09,0.825,0.075,,0.91,,1999-09,0.20,,1999-09,,
1999-06,1.921B,1.921B,1.381B,540.00M,,196.00M,-4.00M,,,286.00M,254.00M,,,-4.00M,,196.00M,73.00M,123.00M,-10.00M,,,113.00M,125.51M,357.00M,103.00M,1999-06,0.825,0.00,,,,1999-06,0.82,0.00,,0.82,,1999-06,0.20,,1999-06,,
1999-03,2.093B,2.093B,1.519B,574.00M,,268.00M,3.00M,,,358.00M,216.00M,,,3.00M,,164.00M,60.00M,104.00M,,-16.00M,,88.00M,102.10M,306.00M,90.00M,1999-03,0.755,-0.12,0.00,,,1999-03,0.75,-0.12,-0.1161,0.63,,1999-03,0.20,,1999-03,,
1998-12,1.001B,1.001B,665.00M,336.00M,,133.00M,-54.00M,,,237.00M,99.00M,,,-54.00M,,-3.00M,1.00M,-4.00M,,,,-3.00M,28.40M,203.00M,104.00M,1998-12,-0.03,0.005,,,,1998-12,-0.03,0.005,,-0.025,,1998-12,0.20,,1998-12,,
1998-09,2.213B,2.213B,1.566B,647.00M,,307.00M,5.00M,,,409.00M,238.00M,,,5.00M,,184.00M,68.00M,116.00M,,,,116.00M,112.85M,340.00M,102.00M,1998-09,0.84,0.00,,,,1998-09,0.835,0.00,,0.835,,1998-09,0.20,,1998-09,,
1998-06,2.139B,2.139B,1.615B,524.00M,,221.00M,-2.00M,,,316.00M,208.00M,,,-2.00M,,147.00M,54.00M,93.00M,,,,93.00M,94.27M,303.00M,95.00M,1998-06,0.68,0.00,,,,1998-06,0.67,0.00,,0.67,,1998-06,0.20,,1998-06,,
