,OperatingRevenue,Revenue,CostofGoodsSold,GrossProfit,SG&AExpense,InvestmentWriteOff,SpecialIncomeandCharges,OperatingInterestExpense,OperatingInterestIncome,NetOperatingInterestIncome,OtherOperatingExpenses,TotalOperatingExpenses,OperatingIncome,Non-OperatingInterestIncome,Non-OperatingInterestExpense,NetNon-OperatingInterestIncomeExpense,OtherIncomeandExpenses,NetInterestIncome,Pre-TaxIncome,ProvisionforIncomeTaxes,IncomefromContinuingOperations,IncomefromDiscontinuedOperations,"ExtraordinaryItems,IncomeStatement",IncomeAttributabletoMinorityInterest,PreferredStockDividend,EBITDA,ReconciledDepreciation,EBIT,,BasicEPS(Quarterly),EPSBasicfromExtraordinaries,EPSBasicfromTaxLossCarryforward,NormalizedBasicEPS,EPSBasic,,EPSDilutedfromDiscontinuedOperations,EPSDilutedfromExtraordinaries,EPSDilutedfromTaxLossCarryforward,,SharesData(Quarterly),AverageBasicSharesOutstanding,AverageDilutedSharesOutstanding,DividendPerShare,,SECFilingLinks,AsOriginallyReported,Restated
2020-09,2.382B,2.382B,2.026B,355.10M,97.60M,0.00,0.00,50.80M,7.80M,-43.00M,159.00M,256.60M,98.50M,7.80M,50.80M,-43.00M,10.50M,-43.00M,66.00M,38.10M,-4.60M,,,-1.60M,,322.70M,205.90M,116.80M,,2020-09,,,-0.0312,-0.02,,,,,,2020-09,379.10M,379.10M,0.05,,2020-09,AOR,
2020-06,2.045B,2.045B,1.788B,257.00M,95.10M,0.00,0.00,57.00M,7.70M,-49.30M,76.10M,171.20M,85.80M,7.70M,57.00M,-49.30M,36.50M,-49.30M,73.00M,-2.70M,45.90M,,,1.50M,,345.40M,215.40M,130.00M,,2020-06,,,0.0643,0.13,,,,,,2020-06,379.10M,381.30M,0.05,,2020-06,AOR,
2020-03,1.798B,1.798B,1.757B,41.40M,67.90M,,,50.80M,9.70M,-41.10M,39.70M,107.60M,-66.20M,9.70M,50.80M,-41.10M,-209.70M,-41.10M,-317.00M,-133.00M,-204.00M,,,1.00M,,-48.40M,217.80M,-266.20M,,2020-03,,,-0.1272,-0.54,,,,,,2020-03,378.80M,378.80M,0.05,,2020-03,AOR,
2019-12,2.076B,2.076B,1.996B,80.70M,104.30M,1.108B,-1.108B,54.90M,8.20M,-46.70M,62.70M,167.00M,-86.30M,8.20M,54.90M,-46.70M,-1.081B,-46.70M,-1.214B,-288.80M,-950.40M,,,29.40M,,-926.10M,233.10M,-1.159B,,2019-12,,,-0.2611,-2.43,,,,,,2019-12,378.70M,378.70M,0.05,,2019-12,AOR,
2019-09,2.753B,2.753B,2.474B,279.90M,78.20M,-15.60M,15.60M,53.10M,9.90M,-43.20M,77.80M,156.00M,123.90M,9.90M,53.10M,-43.20M,-28.50M,-43.20M,52.20M,69.20M,-40.00M,,,-4.10M,,316.10M,210.80M,105.30M,,2019-09,,,-0.0376,-0.11,,,,,,2019-09,385.00M,385.00M,0.05,,2019-09,AOR,Restated
2019-06,2.177B,2.177B,1.950B,227.20M,78.10M,369.40M,-369.40M,53.10M,7.10M,-46.00M,21.60M,99.70M,127.50M,7.10M,53.10M,-46.00M,-352.30M,-46.00M,-270.80M,-51.70M,-230.30M,,,-2.80M,,3.00M,220.70M,-217.70M,,2019-06,,,0.1310,-0.60,,,,,,2019-06,385.80M,385.80M,0.05,,2019-06,AOR,Restated
2019-03,1.900B,1.900B,1.590B,309.50M,93.50M,,,54.90M,7.90M,-47.00M,13.90M,107.40M,202.10M,7.90M,54.90M,-47.00M,21.50M,-47.00M,176.60M,46.60M,129.90M,,,0.90M,,449.60M,218.10M,231.50M,,2019-03,,,0.2969,0.34,,,,,,2019-03,385.50M,387.40M,0.025,,2019-03,AOR,Restated
2018-12,2.520B,2.520B,2.054B,466.20M,89.70M,,0.00,43.90M,13.20M,-30.70M,118.50M,208.20M,258.00M,13.20M,43.90M,-30.70M,-82.00M,-30.70M,145.30M,32.70M,112.00M,,,0.30M,,424.30M,235.10M,189.20M,,2018-12,,,0.4483,0.29,,,,,,2018-12,385.70M,387.30M,0.025,,2018-12,AOR,Restated
2018-09,2.928B,2.928B,2.433B,495.50M,78.50M,,0.00,57.70M,16.80M,-40.90M,23.70M,102.20M,393.30M,16.80M,57.70M,-40.90M,-9.80M,-40.90M,342.60M,90.60M,249.70M,,,-2.20M,,614.80M,214.50M,400.30M,,2018-09,,,0.6442,0.64,,,,,,2018-09,385.50M,387.50M,0.025,,2018-09,AOR,Restated
2018-06,2.205B,2.205B,1.910B,294.60M,79.30M,,0.00,55.70M,10.60M,-45.10M,19.00M,98.30M,196.30M,10.60M,55.70M,-45.10M,-81.10M,-45.10M,70.10M,3.70M,68.10M,,,-0.20M,,342.60M,216.80M,125.80M,,2018-06,,,0.3734,0.18,,,,,,2018-06,385.40M,387.20M,0.025,,2018-06,AOR,Restated
2018-03,1.934B,1.934B,1.692B,242.10M,93.60M,,,58.50M,9.10M,-49.40M,67.80M,161.40M,80.70M,9.10M,58.50M,-49.40M,-37.80M,-49.40M,-6.50M,-49.90M,40.10M,,,2.20M,,269.50M,217.50M,52.00M,,2018-03,,,0.1714,0.11,,,,,,2018-03,382.60M,384.10M,0.025,,2018-03,AOR,Restated
2017-12,2.092B,2.092B,1.812B,280.10M,83.10M,,,50.90M,11.20M,-39.70M,69.90M,153.00M,127.10M,11.20M,50.90M,-39.70M,-28.20M,-39.70M,59.20M,490.20M,-429.80M,,,-1.30M,,282.10M,172.00M,110.10M,,2017-12,,,-1.184,-1.23,,,,,,2017-12,350.90M,350.90M,0.025,,2017-12,AOR,Restated
2017-09,1.985B,1.985B,1.744B,240.80M,66.10M,,,43.20M,7.00M,-36.20M,-39.20M,26.90M,213.90M,7.00M,43.20M,-36.20M,59.70M,-36.20M,237.40M,17.60M,229.60M,,,-2.10M,,449.40M,168.80M,280.60M,,2017-09,,,0.4954,0.65,,,,,,2017-09,351.10M,352.20M,0.15,,2017-09,AOR,Restated
2017-06,1.755B,1.755B,1.562B,192.30M,71.20M,,,44.30M,7.90M,-36.40M,26.50M,97.70M,94.60M,7.90M,44.30M,-36.40M,10.50M,-36.40M,68.70M,-22.60M,97.10M,,,0.20M,,278.90M,165.90M,113.00M,,2017-06,,,0.2644,0.28,,,,,,2017-06,351.00M,352.00M,0.15,,2017-06,AOR,Restated
2017-03,1.578B,1.578B,1.448B,129.60M,80.90M,,,32.90M,7.10M,-25.80M,18.60M,99.50M,30.10M,7.10M,32.90M,-25.80M,4.40M,-25.80M,8.70M,9.70M,-1.10M,,,0.20M,,200.40M,158.80M,41.60M,,2017-03,,,-0.0178,-0.0026,,,,,,2017-03,350.50M,350.50M,0.275,,2017-03,AOR,Restated
2016-12,1.862B,1.862B,1.656B,205.90M,74.60M,,,36.30M,9.10M,-27.20M,57.70M,132.30M,73.60M,9.10M,36.30M,-27.20M,-34.70M,-27.20M,11.70M,-5.50M,14.60M,,,-2.70M,,213.50M,165.50M,48.00M,,2016-12,,,0.0815,0.03,,,,,,2016-12,350.40M,351.70M,0.275,,2016-12,AOR,Restated
2016-09,1.952B,1.952B,1.739B,213.30M,66.90M,,,33.70M,8.20M,-25.50M,76.70M,143.60M,69.70M,8.20M,33.70M,-25.50M,-31.90M,-25.50M,12.30M,-30.10M,40.70M,,,-1.50M,,218.70M,172.70M,46.00M,,2016-09,,,0.1655,0.11,,,,,,2016-09,350.10M,351.50M,0.275,,2016-09,AOR,Restated
2016-06,1.675B,1.675B,1.521B,154.00M,72.90M,,,38.90M,5.40M,-33.50M,68.80M,141.70M,12.30M,5.40M,38.90M,-33.50M,14.00M,-33.50M,-7.20M,-9.80M,-11.10M,,,0.90M,,221.00M,189.30M,31.70M,,2016-06,,,-0.0552,-0.03,,,,,,2016-06,349.80M,349.80M,0.275,,2016-06,AOR,Restated
2016-03,1.674B,1.674B,1.437B,236.70M,89.80M,,,31.80M,5.70M,-26.10M,-16.50M,73.30M,163.40M,5.70M,31.80M,-26.10M,88.40M,-26.10M,225.70M,-28.70M,256.90M,,,-0.10M,,441.20M,183.70M,257.50M,,2016-03,,,0.5800,0.73,,,,,,2016-03,351.30M,353.20M,0.275,,2016-03,AOR,Restated
2015-12,2.163B,2.163B,1.808B,355.50M,94.90M,,,31.70M,12.90M,-18.80M,56.30M,151.20M,204.30M,12.90M,31.70M,-18.80M,-43.80M,-18.80M,141.70M,-14.30M,155.50M,,,-0.50M,,358.40M,185.00M,173.40M,,2015-12,,,0.5100,0.44,,,,,,2015-12,352.50M,354.30M,0.275,,2015-12,AOR,Restated
2015-09,2.106B,2.106B,1.770B,335.30M,76.60M,,,35.30M,11.10M,-24.20M,12.70M,89.30M,246.00M,11.10M,35.30M,-24.20M,-49.70M,-24.20M,172.10M,10.10M,160.70M,,,-0.70M,,388.30M,180.90M,207.40M,,2015-09,,,0.5791,0.45,,,,,,2015-09,354.30M,356.00M,0.275,,2015-09,AOR,Restated
2015-06,2.488B,2.488B,1.880B,607.90M,89.30M,,,31.80M,8.30M,-23.50M,8.60M,97.90M,510.00M,8.30M,31.80M,-23.50M,-23.80M,-23.50M,462.70M,72.60M,391.00M,,,-0.40M,,685.60M,191.10M,494.50M,,2015-06,,,1.117,1.08,,,,,,2015-06,361.30M,363.30M,0.275,,2015-06,AOR,Restated
2015-03,2.139B,2.139B,1.720B,419.20M,100.40M,,,34.80M,3.50M,-31.30M,0.30M,100.70M,318.50M,3.50M,34.80M,-31.30M,39.50M,-31.30M,326.70M,30.70M,294.60M,,,0.20M,,544.30M,182.80M,361.50M,,2015-03,,,0.6984,0.81,,,,,,2015-03,366.00M,367.90M,0.25,,2015-03,AOR,Restated
2014-12,2.379B,2.379B,1.800B,579.10M,91.10M,,-68.10M,35.80M,4.80M,-31.00M,55.30M,146.40M,432.70M,4.80M,35.80M,-31.00M,-20.50M,-31.00M,381.20M,27.00M,361.60M,,,-0.90M,,609.70M,192.70M,417.00M,,2014-12,,,1.012,0.96,,,,,,2014-12,369.90M,371.40M,0.25,,2014-12,AOR,Restated
2014-09,2.251B,2.251B,1.836B,414.70M,83.90M,,-35.30M,31.40M,6.20M,-25.20M,18.20M,102.10M,312.60M,6.20M,31.40M,-25.20M,-2.80M,-25.20M,284.60M,77.60M,202.90M,,,-1.00M,,505.50M,189.50M,316.00M,,2014-09,,,0.5559,0.54,,,,,,2014-09,374.00M,375.90M,0.25,,2014-09,AOR,Restated
2014-06,2.440B,2.440B,1.919B,521.10M,87.50M,,,30.60M,6.00M,-24.60M,30.40M,117.90M,403.20M,6.00M,30.60M,-24.60M,-45.50M,-24.60M,333.10M,82.70M,248.20M,,,0.20M,,558.10M,194.40M,363.70M,,2014-06,,,0.7278,0.65,,,,,,2014-06,374.20M,376.20M,0.25,,2014-06,AOR,Restated
2014-03,1.986B,1.986B,1.575B,411.60M,120.00M,,,31.10M,4.40M,-26.70M,25.00M,145.00M,266.60M,4.40M,31.10M,-26.70M,-21.50M,-26.70M,218.40M,-2.60M,217.70M,,,-0.20M,,423.80M,174.30M,249.50M,,2014-03,,,0.4654,0.54,,,,,,2014-03,378.20M,379.60M,0.25,,2014-03,AOR,Restated
2013-09,1.909B,1.909B,1.522B,386.90M,94.40M,,-122.80M,1.70M,3.50M,1.80M,25.60M,120.00M,266.90M,3.50M,1.70M,1.80M,-152.00M,1.80M,116.70M,-6.60M,125.80M,,,-1.40M,,284.50M,166.10M,118.40M,,2013-09,,,0.5226,0.29,,,,,,2013-09,425.90M,427.10M,0.25,,2013-09,AOR,
2013-05,2.692B,2.692B,1.924B,768.60M,122.40M,,,0.00,4.90M,4.90M,25.50M,147.90M,620.70M,4.90M,0.00,4.90M,0.00,4.90M,625.60M,146.90M,485.40M,,,0.50M,,793.40M,167.80M,625.60M,,2013-05,,,1.146,1.141,,,,,,2013-05,426.00M,427.20M,0.25,,2013-05,AOR,Restated
2013-02,2.241B,2.241B,1.672B,568.40M,90.40M,,,0.00,3.60M,3.60M,58.90M,149.30M,419.10M,3.60M,0.00,3.60M,31.90M,3.60M,454.60M,108.90M,345.40M,,,-0.80M,,606.80M,152.20M,454.60M,,2013-02,,,0.7523,0.81,,,,,,2013-02,425.70M,427.10M,0.25,,2013-02,AOR,
2012-11,2.536B,2.536B,1.860B,675.90M,102.80M,,-13.00M,,4.40M,4.40M,,102.80M,573.10M,4.40M,,4.40M,-30.00M,4.40M,547.50M,-78.10M,630.30M,,,-1.50M,,720.50M,147.40M,573.10M,,2012-11,,,1.526,1.48,,0.00,,,,2012-11,425.70M,427.00M,0.25,,2012-11,AOR,
2012-08,2.505B,2.505B,1.758B,747.30M,111.70M,,-1.00M,0.00,5.90M,5.90M,25.40M,137.10M,610.20M,5.90M,0.00,5.90M,-29.30M,5.90M,586.80M,163.30M,430.70M,,,-1.30M,,724.20M,137.40M,586.80M,,2012-08,,,1.060,1.01,,0.00,,,,2012-08,425.50M,426.70M,0.25,,2012-08,AOR,
2012-05,2.820B,2.820B,1.987B,833.80M,117.10M,,,1.40M,6.80M,5.40M,45.90M,163.00M,670.80M,6.80M,1.40M,5.40M,12.90M,5.40M,689.10M,188.60M,506.90M,,,0.40M,,830.20M,139.70M,690.50M,,2012-05,,,1.173,1.192,,0.00,,,,2012-05,425.30M,426.60M,0.125,,2012-05,AOR,Restated
2012-02,2.190B,2.190B,1.668B,521.80M,91.30M,,,0.00,4.10M,4.10M,16.80M,108.10M,413.70M,4.10M,0.00,4.10M,-63.10M,4.10M,354.70M,87.00M,271.90M,,,1.40M,,482.60M,127.90M,354.70M,,2012-02,,,0.7181,0.64,,,,,,2012-02,425.40M,426.70M,0.05,,2012-02,AOR,Restated
2011-11,3.014B,3.014B,2.133B,881.20M,100.60M,,15.60M,,4.10M,4.10M,,100.60M,780.60M,4.10M,,4.10M,70.70M,4.10M,855.40M,230.70M,625.60M,,,-2.00M,,900.80M,120.20M,780.60M,,2011-11,,,1.294,1.41,,0.00,,,,2011-11,443.40M,444.70M,0.05,,2011-11,AOR,Restated
2011-08,3.083B,3.083B,2.235B,848.20M,101.10M,,0.70M,0.00,5.10M,5.10M,17.50M,118.60M,729.60M,5.10M,0.00,5.10M,-5.00M,5.10M,729.70M,205.10M,526.40M,,,-0.40M,,850.00M,120.30M,729.70M,,2011-08,,,1.188,1.18,,0.00,,,,2011-08,446.60M,447.90M,0.05,,2011-08,AOR,Restated
2011-05,2.860B,2.860B,1.865B,995.20M,111.50M,,17.00M,0.00,7.70M,7.70M,58.80M,170.30M,824.90M,7.70M,0.00,7.70M,4.20M,7.70M,836.80M,186.00M,645.20M,,,4.00M,,959.70M,122.90M,836.80M,,2011-05,,,1.423,1.46,,,,,,2011-05,446.60M,448.10M,0.05,,2011-05,AOR,Restated
2011-02,2.214B,2.214B,1.361B,853.60M,83.60M,,-16.10M,4.80M,4.60M,-0.20M,-0.80M,82.80M,770.80M,4.60M,4.80M,-0.20M,-47.80M,-0.20M,722.80M,175.90M,542.60M,,,-0.50M,,841.70M,114.10M,727.60M,,2011-02,,,1.291,1.21,,0.00,,,,2011-02,446.30M,447.70M,0.05,,2011-02,AOR,Restated
2010-11,2.675B,2.675B,1.906B,768.30M,89.30M,,-0.30M,10.40M,4.80M,-5.60M,20.80M,110.10M,658.20M,4.80M,10.40M,-5.60M,654.40M,-5.60M,1.307B,281.30M,1.027B,,,-1.20M,,1.423B,105.70M,1.317B,,2010-11,,,2.355,2.30,,0.00,,,,2010-11,445.80M,447.30M,0.05,,2010-11,AOR,Restated
2010-08,2.188B,2.188B,1.684B,504.70M,88.10M,,-0.60M,12.40M,5.40M,-7.00M,6.30M,94.40M,410.30M,5.40M,12.40M,-7.00M,1.40M,-7.00M,404.70M,109.60M,298.90M,,,-1.20M,,521.80M,104.70M,417.10M,,2010-08,,,0.6677,0.67,,0.00,,,,2010-08,445.50M,446.90M,0.05,,2010-08,AOR,Restated
2010-05,1.860B,1.860B,1.173B,687.60M,113.70M,,-68.00M,16.60M,3.80M,-12.80M,,77.80M,609.80M,3.80M,16.60M,-12.80M,-68.60M,-12.80M,528.40M,138.80M,396.50M,,,-0.40M,,657.40M,112.40M,545.00M,,2010-05,,,1.003,0.89,,0.00,,,,2010-05,445.70M,446.90M,0.05,,2010-05,AOR,Restated
2010-02,1.732B,1.732B,1.255B,476.50M,82.30M,,0.70M,14.30M,4.30M,-10.00M,5.30M,87.60M,388.90M,4.30M,14.30M,-10.00M,-21.60M,-10.00M,357.30M,125.30M,223.50M,,,-0.90M,,473.20M,101.60M,371.60M,,2010-02,,,0.5315,0.50,,0.00,,,,2010-02,445.20M,446.80M,0.05,,2010-02,AOR,Restated
2009-11,1.710B,1.710B,1.403B,307.00M,82.90M,,5.60M,16.00M,4.10M,-11.90M,24.00M,106.90M,200.10M,4.10M,16.00M,-11.90M,-17.00M,-11.90M,171.20M,50.40M,109.00M,,,-1.20M,,326.10M,138.90M,187.20M,,2009-11,,,0.2670,0.24,,0.00,,,,2009-11,445.00M,446.50M,0.05,,2009-11,AOR,Restated
2009-08,1.457B,1.457B,1.235B,222.20M,81.40M,,0.40M,18.80M,3.90M,-14.90M,6.60M,88.00M,134.20M,3.90M,18.80M,-14.90M,13.50M,-14.90M,132.80M,32.80M,102.50M,,,-1.90M,,243.70M,92.10M,151.60M,,2009-08,,,0.2071,0.23,,0.00,,,,2009-08,444.60M,446.30M,0.05,,2009-08,AOR,Restated
2009-05,1.594B,1.594B,1.389B,204.10M,83.30M,,178.70M,21.80M,5.60M,-16.20M,-5.50M,77.80M,126.30M,5.60M,21.80M,-16.20M,1.394B,-16.20M,792.20M,-330.30M,148.50M,,,-1.60M,,907.00M,93.00M,814.00M,,2009-05,,,0.0687,0.33,,0.00,,,,2009-05,444.60M,446.20M,0.05,,2009-05,AOR,Restated
2009-02,1.376B,1.376B,1.235B,140.30M,71.30M,,-47.30M,19.60M,11.40M,-8.20M,25.30M,96.60M,43.70M,11.40M,19.60M,-8.20M,-47.30M,-8.20M,52.10M,30.70M,58.10M,,,0.70M,,162.10M,90.40M,71.70M,,2009-02,,,0.1992,0.13,,0.00,,,,2009-02,444.40M,445.80M,0.05,,2009-02,,Restated
2008-11,3.006B,3.006B,2.233B,773.70M,76.80M,,-36.70M,23.70M,23.70M,0.00,14.90M,91.70M,682.00M,23.70M,23.70M,0.00,-710.10M,0.00,932.60M,451.20M,961.30M,,,-1.50M,,1.046B,89.40M,956.30M,,2008-11,,,2.214,2.16,,0.00,,,,2008-11,444.30M,446.10M,0.05,,2008-11,,Restated
2008-08,4.322B,4.322B,2.674B,1.649B,90.00M,,88.20M,25.10M,14.50M,-10.60M,9.70M,99.70M,1.549B,14.50M,25.10M,-10.60M,88.20M,-10.60M,1.129B,497.70M,1.189B,,,-3.90M,,1.242B,87.70M,1.154B,,2008-08,,,2.541,2.67,,0.00,,,,2008-08,444.10M,446.50M,0.05,,2008-08,,Restated
2008-05,3.467B,3.467B,2.179B,1.288B,96.20M,,95.00M,,,,20.90M,117.10M,1.171B,,,,6.80M,,1.183B,354.00M,871.20M,,,-1.90M,,1.170B,,1.170B,,2008-05,,,1.790,1.94,,0.00,,,,2008-05,443.90M,447.50M,,,2008-05,,Restated
2008-02,2.147B,2.147B,1.419B,727.90M,81.20M,,28.70M,,,,0.10M,81.30M,646.60M,,,,59.60M,,650.70M,159.20M,520.80M,,,-1.60M,,646.60M,,646.60M,,2008-02,,,1.121,1.17,,0.00,,,,2008-02,443.30M,446.10M,,,2008-02,,
2007-11,2.195B,2.195B,1.572B,623.10M,83.20M,,-61.50M,,,,,83.20M,539.90M,,,,-16.00M,,452.90M,100.90M,394.00M,,,-3.50M,,539.90M,,539.90M,,2007-11,,,0.9981,0.89,,0.00,,,,2007-11,442.30M,445.00M,,,2007-11,,
2007-08,2.003B,2.003B,1.482B,521.80M,72.20M,,-19.40M,,,,,72.20M,449.60M,,,,-7.60M,,396.20M,100.80M,305.50M,,,-1.70M,,449.60M,,449.60M,,2007-08,,,0.7228,0.69,,0.00,,,,2007-08,441.40M,444.30M,,,2007-08,,
2007-05,1.684B,1.684B,1.228B,456.20M,95.90M,,-72.90M,,,,2.20M,98.10M,358.10M,,,,-56.40M,,272.40M,85.30M,202.60M,,,-1.00M,,358.10M,,358.10M,,2007-05,,,0.5837,0.47,,0.00,,,,2007-05,440.30M,443.60M,,,2007-05,,
2007-02,1.279B,1.279B,1.166B,113.10M,77.80M,,58.00M,,,,1.10M,78.90M,34.20M,,,,63.50M,,43.70M,6.60M,42.20M,,,-0.40M,,34.20M,,34.20M,,2007-02,,,-0.0120,0.10,,0.00,,,,2007-02,439.50M,440.90M,,,2007-02,,
2006-11,1.522B,1.522B,1.362B,160.50M,70.40M,,27.10M,,,,-0.60M,69.80M,90.70M,,,,42.50M,,75.60M,24.10M,65.90M,,,-1.00M,,90.70M,,90.70M,,2006-11,,,0.1079,0.15,,0.00,,,,2006-11,438.10M,439.40M,,,2006-11,,
2006-08,1.289B,1.289B,1.092B,196.30M,65.70M,,26.80M,,,,-0.60M,65.10M,131.20M,,,,30.70M,,114.00M,7.40M,109.00M,,,-1.50M,,131.20M,,131.20M,,2006-08,,,0.2003,0.26,,0.00,,,,2006-08,419.50M,438.10M,,,2006-08,,
2006-05,1.332B,1.332B,1.165B,166.20M,54.60M,,-345.30M,,,,5.10M,59.70M,106.50M,,,,-325.90M,,-261.50M,-61.20M,-180.90M,,,0.00,3.40M,106.50M,,106.50M,,2006-05,,,0.2031,-0.49,,0.00,,,,2006-05,381.60M,437.31M,,,2006-05,,
2006-02,1.073B,1.073B,1.059B,14.00M,61.80M,,-8.70M,,,,-3.40M,58.40M,-44.40M,,,,-6.70M,,-100.70M,-27.20M,-71.60M,,,-0.10M,2.60M,-44.40M,,-44.40M,,2006-02,,,-0.1734,-0.19,,0.00,,,,2006-02,383.60M,383.60M,,,2006-02,,
2005-11,1.498B,1.498B,1.289B,208.40M,68.00M,,-11.00M,,,,1.10M,69.10M,139.30M,,,,1.90M,,86.50M,42.30M,55.00M,,,-2.10M,,139.30M,,139.30M,,2005-11,,,0.1573,0.14,,0.00,,,,2005-11,381.10M,434.50M,,,2005-11,,
2005-08,1.404B,1.404B,1.155B,248.80M,57.00M,,-37.90M,,,,-0.20M,56.80M,192.00M,,,,-23.70M,,115.60M,51.50M,76.10M,,,-2.20M,,252.50M,60.50M,192.00M,,2005-08,,,0.2498,0.19,,0.00,,,,2005-08,380.00M,433.90M,,,2005-08,,
2005-05,1.450B,1.450B,1.204B,245.60M,65.80M,,-116.40M,,,,,69.10M,176.50M,,,,-105.10M,,140.30M,54.10M,94.10M,,0.00,-3.40M,,176.50M,,176.50M,,2005-05,0.00,,0.4485,0.26,,0.00,0.0003,,,2005-05,379.40M,432.10M,,,2005-05,,
2005-02,1.144B,1.144B,1.008B,136.50M,64.80M,,30.50M,,,,-1.00M,63.80M,72.70M,,,,49.50M,,57.90M,38.50M,38.80M,,,0.40M,,72.70M,,72.70M,,2005-02,,,0.0516,0.10,,0.00,,,,2005-02,377.90M,432.80M,,,2005-02,,
2004-11,1.078B,1.078B,1.016B,61.20M,45.40M,,-22.20M,,,,3.50M,48.90M,12.30M,,,,-6.40M,,-31.40M,-7.90M,-8.40M,,,-0.70M,,12.30M,,12.30M,,2004-11,,,0.0245,-0.03,,0.00,,,,2004-11,304.70M,304.70M,,,2004-11,,
2004-09,612.20M,612.20M,621.40M,-9.20M,17.60M,,-23.00M,,,,,17.60M,-26.80M,,,,-23.00M,,-73.50M,-6.70M,-66.80M,,,24.20M,,14.50M,41.30M,-26.80M,,2004-09,,,-0.4185,-0.60,,0.00,,,,2004-09,115.20M,115.20M,,,2004-09,,
2004-06,748.80M,748.80M,620.50M,128.30M,20.10M,,5.60M,,,,,20.10M,108.20M,,,,5.60M,,70.80M,28.10M,42.70M,,,4.30M,,153.80M,45.60M,108.20M,,2004-06,,,0.3206,0.35,,0.00,,,,2004-06,115.00M,134.20M,,,2004-06,,
2004-03,584.20M,584.20M,505.40M,78.80M,16.80M,,-4.20M,,,,,16.80M,62.00M,,,,-4.20M,,19.20M,7.60M,11.60M,-2.40M,,8.50M,,107.50M,45.50M,62.00M,,2004-03,,,0.1021,0.06,,-0.02,,,,2004-03,114.90M,116.00M,,,2004-03,,
2003-12,604.10M,604.10M,546.90M,57.20M,17.90M,,4.10M,,,,-14.80M,3.10M,54.10M,,,,4.10M,,-148.10M,-0.20M,0.10M,-63.90M,0.00,3.40M,,98.90M,44.80M,54.10M,,2003-12,0.00,,-0.0556,-0.58,,-0.56,0.0000,,,2003-12,115.10M,115.10M,,,2003-12,,
2003-09,495.70M,495.70M,451.60M,44.10M,21.30M,,-24.90M,,,,,21.30M,22.80M,,,,-24.90M,,-41.40M,-13.30M,-28.10M,,,7.60M,,65.70M,42.90M,22.80M,,2003-09,,,-0.1228,-0.27,,0.00,,,,2003-09,114.80M,114.80M,,,2003-09,,
2003-06,538.70M,538.70M,494.90M,43.80M,22.10M,,27.20M,,,,-16.50M,5.60M,38.20M,,,,27.20M,,14.00M,-8.10M,22.10M,-29.00M,,11.10M,,81.30M,43.10M,38.20M,,2003-06,,,0.0478,-0.06,,-0.25,,,,2003-06,114.80M,115.40M,,,2003-06,,
2003-03,552.10M,552.10M,516.00M,36.10M,18.30M,,-30.10M,,,,,18.30M,17.80M,,,,-30.10M,,-46.60M,-14.90M,-31.70M,,-4.90M,11.60M,,58.90M,41.10M,17.80M,,2003-03,0.00,,-0.1015,-0.32,,-0.04,-0.0427,,,2003-03,114.70M,114.70M,,,2003-03,,
2002-12,481.00M,481.00M,428.80M,52.20M,23.60M,,-4.10M,,,,,23.60M,28.60M,,,,-4.10M,,-12.40M,20.40M,-33.70M,-42.30M,,5.10M,,63.60M,35.00M,28.60M,,2002-12,,,-0.2785,-0.67,,-0.37,,,,2002-12,114.60M,114.60M,,,2002-12,,
2002-09,490.20M,490.20M,424.50M,65.70M,18.70M,,7.50M,,,,,18.70M,47.00M,,,,7.50M,,12.30M,3.90M,8.40M,,,1.60M,,90.60M,43.60M,47.00M,,2002-09,,-0.0026,0.0253,0.07,,0.00,,-0.0026,,2002-09,114.70M,115.20M,,,2002-09,,
2002-06,588.30M,588.30M,511.90M,76.40M,19.00M,,-9.60M,,,,,19.00M,57.40M,,,,-9.60M,,9.90M,3.20M,6.70M,-54.10M,,5.30M,,101.10M,43.70M,57.40M,,2002-06,,,0.1167,-0.41,,-0.47,,,,2002-06,114.60M,115.40M,,,2002-06,,
2002-03,497.90M,497.90M,429.20M,68.70M,19.40M,,-2.10M,,,,,19.40M,49.30M,,,,-2.10M,,7.10M,2.30M,4.80M,,,4.20M,,92.30M,43.00M,49.30M,,2002-03,,,0.0524,0.04,,0.00,,,,2002-03,114.50M,115.90M,,,2002-03,,
2001-12,525.80M,525.80M,484.70M,41.10M,19.10M,,-22.60M,,,,,19.10M,22.00M,,,,-22.60M,,-11.80M,-5.50M,-28.00M,,-10.20M,11.70M,,54.30M,32.30M,22.00M,,2001-12,0.00,,-0.1171,-0.21,,0.03,-0.0921,,,2001-12,110.30M,110.30M,,,2001-12,,
2001-09,405.90M,405.90M,385.40M,20.50M,20.20M,,-13.90M,,,,,20.20M,0.30M,,,,-13.90M,,-43.70M,-14.40M,-29.30M,,,12.00M,,39.30M,39.00M,0.30M,,2001-09,,,-0.1702,-0.25,,0.00,,,,2001-09,116.80M,116.80M,,,2001-09,,
2001-06,506.90M,506.90M,446.30M,60.60M,19.60M,,-7.60M,,,,,19.60M,41.00M,,,,-7.60M,,6.80M,2.60M,4.20M,,-28.40M,9.40M,,83.90M,42.90M,41.00M,,2001-06,0.00,,0.0810,-0.20,,-0.24,-0.2480,,,2001-06,114.50M,116.30M,,,2001-06,,
2001-03,520.10M,520.10M,410.40M,109.70M,22.90M,,-3.80M,,,,-43.00M,22.90M,86.80M,,,,-3.80M,,18.00M,6.90M,11.10M,,,7.60M,,129.80M,43.00M,86.80M,,2001-03,,,0.1205,0.10,,0.00,,,,2001-03,114.50M,114.90M,,,2001-03,,
2000-12,482.30M,482.30M,425.90M,56.40M,26.90M,,-3.80M,,,,,25.70M,30.70M,,,,-3.80M,,4.60M,0.10M,4.50M,-419.00M,,6.20M,,39.30M,8.60M,30.70M,,2000-12,,,0.0725,-3.60,,-3.64,,,,2000-12,114.40M,114.80M,,,2000-12,,
2000-09,491.60M,491.60M,435.10M,56.50M,23.80M,,0.60M,,,,,23.80M,32.70M,,,,0.60M,,12.00M,4.30M,7.70M,-14.70M,,6.00M,,84.20M,51.50M,32.70M,,2000-09,,,0.0666,-0.06,,-0.13,,,,2000-09,114.40M,114.90M,,,2000-09,,
2000-06,505.80M,505.80M,337.10M,168.70M,35.40M,,4.80M,,,,,90.70M,78.00M,,,,4.80M,,45.30M,17.00M,28.30M,,,1.50M,,133.30M,55.30M,78.00M,,2000-06,,,0.2238,0.25,,0.00,,,,2000-06,114.40M,114.80M,,,2000-06,,
2000-03,596.60M,596.60M,422.40M,174.20M,25.00M,,-1.30M,,,,-56.20M,25.00M,149.20M,,,,-1.30M,,61.30M,22.00M,39.30M,8.90M,,-1.30M,,205.40M,56.20M,149.20M,,2000-03,,,0.3473,0.42,,0.08,,,,2000-03,114.40M,114.60M,,,2000-03,,
1999-12,433.80M,433.80M,428.90M,4.90M,23.60M,,-597.60M,,,,,52.30M,-47.40M,,,,-597.60M,,-613.00M,57.80M,-670.80M,-229.10M,0.00,27.80M,,-18.70M,28.70M,-47.40M,,1999-12,0.00,,-2.714,-7.85,,-2.00,-0.0000,,,1999-12,114.34M,114.34M,,,1999-12,,
1999-09,521.50M,521.50M,355.80M,165.70M,32.60M,,-1.60M,,,,,101.10M,64.60M,,,,-1.60M,,23.40M,8.80M,14.60M,-1.40M,,-3.10M,,133.10M,68.50M,64.60M,,1999-09,,,0.1391,0.12,,-0.01,,,,1999-09,110.00M,110.00M,,,1999-09,,
1999-06,660.30M,660.30M,425.10M,235.20M,36.60M,,3.90M,,,,,104.20M,131.00M,,,,3.90M,,85.10M,32.00M,53.10M,-0.90M,,-11.20M,,200.30M,69.30M,131.00M,,1999-06,,,0.4487,0.46,,-0.01,,,,1999-06,114.40M,114.60M,,,1999-06,,
1999-03,667.30M,667.30M,402.90M,264.40M,35.00M,,4.20M,,,,,101.00M,163.40M,,,,4.20M,,113.70M,42.70M,71.00M,-2.80M,-7.50M,-13.40M,,229.40M,66.00M,163.40M,,1999-03,0.00,,0.5971,0.53,,-0.02,-0.0656,,,1999-03,114.30M,114.50M,,,1999-03,,
1998-12,414.20M,414.20M,267.90M,146.30M,-25.80M,,-160.90M,,,,,32.00M,114.30M,,,,-160.90M,,-17.60M,12.90M,-30.50M,-154.30M,,6.00M,,172.10M,57.80M,114.30M,,1998-12,,0.0582,0.6320,-1.56,,-1.35,,0.0582,,1998-12,107.03M,107.03M,,,1998-12,,
1998-09,659.50M,659.50M,411.60M,247.90M,38.60M,,-0.90M,,,,,107.90M,140.00M,,,,-0.90M,,75.20M,26.50M,48.70M,-10.90M,,-13.20M,,209.30M,69.30M,140.00M,,1998-09,,-0.0078,0.4351,0.32,,-0.10,,-0.0078,,1998-09,115.31M,115.31M,,,1998-09,,
1998-06,793.40M,793.40M,503.00M,290.40M,63.30M,,4.70M,,,,,139.70M,150.70M,,,,4.70M,,87.80M,30.90M,56.90M,30.10M,,-11.80M,,227.10M,76.40M,150.70M,,1998-06,,,0.4734,0.76,,0.26,,,,1998-06,114.47M,114.47M,,,1998-06,,
1998-03,536.50M,536.50M,334.40M,202.10M,46.90M,,3.90M,,,,,95.10M,107.00M,,,,3.90M,,84.30M,29.60M,54.70M,-6.70M,,-5.40M,,155.20M,48.20M,107.00M,,1998-03,,-0.0238,0.4577,0.40,,-0.06,,-0.0238,,1998-03,113.25M,113.25M,,,1998-03,,
