,OperatingRevenue,Revenue,CostofGoodsSold,GrossProfit,SG&AExpense,AmortizationExpense,InvestmentWriteOff,SpecialIncomeandCharges,OperatingInterestExpense,OperatingInterestIncome,NetOperatingInterestIncome,OtherOperatingExpenses,TotalOperatingExpenses,OperatingIncome,Non-OperatingInterestIncome,Non-OperatingInterestExpense,NetNon-OperatingInterestIncomeExpense,OtherIncomeandExpenses,NetInterestIncome,Pre-TaxIncome,ProvisionforIncomeTaxes,IncomefromContinuingOperations,IncomefromDiscontinuedOperations,"ExtraordinaryItems,IncomeStatement",NetIncome,ReconciledDepreciation,EBIT,,BasicEPS(Quarterly),EPSBasicfromContinuingOperations,EPSBasicfromTaxLossCarryforward,NormalizedBasicEPS,EPSBasic,,DilutedEPS(Quarterly),EPSDilutedfromExtraordinaries,EPSDilutedfromTaxLossCarryforward,NormalizedDilutedEPS,SharesData(Quarterly),AverageBasicSharesOutstanding,AverageDilutedSharesOutstanding,DividendPerShare,,SECFilingLinks,AsOriginallyReported,Restated
2020-09,2.955B,2.955B,2.195B,759.91M,271.26M,5.041M,1.692M,-1.692M,0.225M,0.891M,0.666M,,276.30M,483.61M,0.891M,0.225M,0.666M,-0.108M,0.666M,484.17M,67.77M,416.40M,,,416.40M,17.00M,484.39M,,2020-09,1.54,,1.545,1.54,,2020-09,,,1.545,2020-09,268.36M,268.96M,0.12,,2020-09,AOR,
2020-06,2.594B,2.594B,1.935B,659.15M,196.86M,5.045M,2.311M,-2.311M,3.00M,1.326M,-1.674M,,201.90M,457.25M,1.326M,3.00M,-1.674M,1.433M,-1.674M,457.01M,108.39M,348.62M,,,348.62M,16.39M,460.01M,,2020-06,1.29,,1.297,1.29,,2020-06,,,1.297,2020-06,268.32M,269.02M,0.12,,2020-06,AOR,
2020-03,2.295B,2.295B,1.745B,550.15M,263.67M,4.557M,4.332M,-24.52M,0.797M,3.807M,3.01M,,268.23M,281.93M,3.807M,0.797M,3.01M,-21.17M,3.01M,263.77M,60.06M,203.71M,,,203.71M,15.15M,264.57M,,2020-03,0.75,,0.8201,0.75,,2020-03,,,0.8098,2020-03,270.00M,271.22M,0.12,,2020-03,AOR,
2019-12,3.017B,3.017B,2.316B,701.39M,261.55M,3.60M,5.228M,-5.312M,0.147M,3.765M,3.618M,,265.15M,436.25M,3.765M,0.147M,3.618M,-3.913M,3.618M,435.95M,100.15M,335.80M,,,335.80M,13.70M,436.10M,,2019-12,1.23,,1.245,1.23,,2019-12,,,1.235,2019-12,270.78M,271.41M,0.12,,2019-12,AOR,
2019-09,2.710B,2.710B,2.068B,641.88M,270.62M,3.60M,2.455M,-2.455M,0.147M,3.554M,3.407M,,274.22M,367.65M,3.554M,0.147M,3.407M,-4.915M,3.407M,366.15M,93.04M,273.10M,,,273.10M,13.80M,366.29M,,2019-09,0.99,,0.9967,0.99,,2019-09,,,0.9967,2019-09,272.99M,273.63M,0.11,,2019-09,AOR,Restated
2019-06,2.489B,2.489B,1.905B,583.72M,259.44M,3.55M,2.516M,-7.359M,0.146M,4.471M,4.325M,,262.99M,320.72M,4.471M,0.146M,4.325M,-4.274M,4.325M,320.78M,79.74M,241.04M,,,241.04M,13.29M,320.92M,,2019-06,0.86,,0.8800,0.86,,2019-06,,,0.8799,2019-06,276.65M,277.58M,0.11,,2019-06,AOR,Restated
2019-03,1.997B,1.997B,1.526B,470.40M,252.73M,3.45M,2.917M,-2.917M,0.144M,4.949M,4.805M,,256.18M,214.23M,4.949M,0.144M,4.805M,-2.328M,4.805M,216.70M,49.95M,166.76M,,,166.76M,13.21M,216.85M,,2019-03,0.59,,0.5981,0.59,,2019-03,,,0.5981,2019-03,277.64M,278.64M,0.11,,2019-03,AOR,Restated
2018-12,2.999B,2.999B,2.370B,628.90M,292.32M,3.45M,9.594M,-9.594M,0.158M,4.353M,4.195M,,295.77M,333.14M,4.353M,0.158M,4.195M,-7.841M,4.195M,329.49M,91.84M,237.65M,,,237.65M,12.71M,329.65M,,2018-12,0.84,,0.8648,0.84,,2018-12,,,0.8647,2018-12,278.93M,280.18M,0.11,,2018-12,AOR,Restated
2018-09,2.649B,2.649B,2.008B,640.93M,252.76M,3.45M,3.136M,-3.136M,0.152M,1.842M,1.69M,,256.21M,384.73M,1.842M,0.152M,1.69M,-1.728M,1.69M,384.69M,95.15M,289.54M,,,289.54M,12.56M,384.84M,,2018-09,1.01,,1.018,1.01,,2018-09,,,1.018,2018-09,283.49M,284.67M,0.09,,2018-09,AOR,Restated
2018-06,2.570B,2.570B,1.933B,637.18M,226.06M,3.45M,1.652M,-1.728M,0.165M,0.835M,0.67M,,229.51M,407.68M,0.835M,0.165M,0.67M,0.824M,0.67M,409.17M,85.08M,324.09M,,,324.09M,12.27M,409.34M,,2018-06,1.12,,1.125,1.12,,2018-06,,,1.125,2018-06,285.28M,286.65M,0.09,,2018-06,AOR,Restated
2018-03,1.970B,1.970B,1.504B,466.39M,240.89M,3.45M,2.609M,-2.609M,0.143M,0.564M,0.421M,,244.34M,222.05M,0.564M,0.143M,0.421M,1.721M,0.421M,224.19M,53.44M,170.75M,,,170.75M,11.89M,224.33M,,2018-03,0.59,,0.5969,0.59,,2018-03,,,0.5969,2018-03,286.68M,288.03M,0.09,,2018-03,AOR,Restated
2017-12,2.795B,2.795B,2.181B,614.32M,201.61M,3.45M,1.97M,-1.97M,0.132M,0.62M,0.488M,,205.06M,409.26M,0.62M,0.132M,0.488M,-0.986M,0.488M,408.77M,331.35M,77.41M,,,77.41M,12.31M,408.90M,,2017-12,0.26,,0.2640,0.26,,2017-12,,,0.2640,2017-12,292.00M,293.31M,0.09,,2017-12,AOR,Restated
2017-09,2.131B,2.131B,1.619B,512.03M,237.50M,3.45M,2.68M,-2.68M,0.101M,0.485M,0.384M,,240.94M,271.08M,0.485M,0.101M,0.384M,-3.216M,0.384M,268.25M,90.71M,177.54M,,,177.54M,12.67M,268.35M,,2017-09,0.59,,0.5959,0.59,,2017-09,,,0.5859,2017-09,298.54M,300.23M,0.09,,2017-09,AOR,Restated
2017-06,2.022B,2.022B,1.666B,355.85M,216.21M,3.45M,5.063M,-5.063M,0.134M,0.599M,0.465M,,219.66M,136.18M,0.599M,0.134M,0.465M,-14.10M,0.465M,122.55M,21.80M,100.75M,,,100.75M,12.81M,122.68M,,2017-06,0.32,,0.3333,0.32,,2017-06,,,0.3333,2017-06,312.32M,313.88M,0.09,,2017-06,AOR,Restated
2017-03,1.630B,1.630B,1.249B,380.60M,236.27M,3.45M,1.655M,-1.655M,0.137M,0.833M,0.696M,,239.72M,140.89M,0.833M,0.137M,0.696M,-2.318M,0.696M,139.26M,47.75M,91.52M,,,91.52M,13.21M,139.40M,,2017-03,0.29,,0.2934,0.29,,2017-03,,,0.2834,2017-03,317.76M,320.08M,0.09,,2017-03,AOR,Restated
2016-12,2.501B,2.501B,1.865B,635.84M,207.65M,3.45M,4.161M,-4.161M,0.16M,0.577M,0.417M,,211.10M,424.74M,0.577M,0.16M,0.417M,-11.43M,0.417M,413.72M,140.55M,273.17M,,,273.17M,13.79M,413.88M,,2016-12,0.83,,0.8384,0.83,,2016-12,,,0.8384,2016-12,325.84M,327.67M,0.09,,2016-12,AOR,Restated
2016-09,1.943B,1.943B,1.456B,486.87M,250.91M,3.45M,2.541M,-2.541M,0.165M,0.887M,0.722M,,254.36M,232.50M,0.887M,0.165M,0.722M,-20.89M,0.722M,212.34M,83.86M,128.47M,,,128.47M,13.51M,212.50M,,2016-09,0.37,,0.3745,0.37,,2016-09,,,0.3745,2016-09,340.17M,342.42M,0.09,,2016-09,AOR,Restated
2016-06,1.800B,1.800B,1.341B,458.76M,256.27M,3.45M,7.414M,-7.414M,0.186M,0.849M,0.663M,,259.72M,199.04M,0.849M,0.186M,0.663M,-10.12M,0.663M,189.58M,71.82M,117.76M,,,117.76M,13.59M,189.77M,,2016-06,0.34,,0.3533,0.34,,2016-06,,,0.3532,2016-06,345.24M,348.00M,0.09,,2016-06,AOR,Restated
2016-03,1.433B,1.433B,1.066B,366.40M,242.32M,3.45M,3.041M,-3.041M,0.174M,0.923M,0.749M,,245.77M,120.64M,0.923M,0.174M,0.749M,-3.173M,0.749M,118.21M,34.91M,83.30M,,,83.30M,13.11M,118.39M,,2016-03,0.24,,0.2462,0.24,,2016-03,,,0.2461,2016-03,347.82M,350.48M,0.09,,2016-03,AOR,Restated
2015-12,2.062B,2.062B,1.351B,710.98M,343.94M,3.225M,1.388M,-1.388M,0.19M,0.649M,0.459M,,347.16M,363.82M,0.649M,0.19M,0.459M,9.041M,0.459M,373.32M,145.29M,228.03M,,,228.03M,12.50M,373.51M,,2015-12,0.65,,0.6524,0.65,,2015-12,,,0.6424,2015-12,348.60M,351.64M,0.09,,2015-12,AOR,Restated
2015-09,1.507B,1.507B,1.147B,359.97M,159.36M,3.225M,0.522M,-0.522M,0.203M,0.504M,0.301M,,162.59M,197.38M,0.504M,0.203M,0.301M,-18.41M,0.301M,179.28M,71.51M,107.77M,,,107.77M,11.87M,179.48M,,2015-09,0.31,,0.3109,0.31,,2015-09,,,0.3009,2015-09,350.15M,353.37M,0.08,,2015-09,AOR,Restated
2015-06,1.280B,1.280B,979.36M,300.93M,130.12M,3.225M,1.241M,-1.241M,0.208M,0.856M,0.648M,,133.34M,167.59M,0.856M,0.208M,0.648M,-0.609M,0.648M,167.63M,64.30M,103.32M,,,103.32M,10.79M,167.84M,,2015-06,0.28,,0.2821,0.28,,2015-06,,,0.2821,2015-06,361.01M,364.24M,0.08,,2015-06,AOR,Restated
2015-03,1.133B,1.133B,877.06M,256.23M,161.31M,3.225M,1.869M,-1.869M,0.187M,1.099M,0.912M,,164.54M,91.70M,1.099M,0.187M,0.912M,3.196M,0.912M,95.80M,40.83M,54.97M,,,54.97M,11.06M,95.99M,,2015-03,0.15,,0.1531,0.15,,2015-03,,,0.1530,2015-03,366.75M,370.11M,0.08,,2015-03,AOR,Restated
2014-12,1.823B,1.823B,1.204B,618.18M,339.60M,3.225M,1.556M,-1.556M,0.224M,1.201M,0.977M,,342.82M,275.36M,1.201M,0.224M,0.977M,-9.216M,0.977M,267.12M,50.03M,217.09M,,,217.09M,11.00M,267.34M,,2014-12,0.58,,0.5836,0.58,,2014-12,,,0.5835,2014-12,353.22M,356.95M,0.08,,2014-12,AOR,Restated
2014-09,1.595B,1.595B,1.222B,373.19M,147.14M,3.258M,1.391M,-1.391M,0.21M,1.205M,0.995M,,150.39M,222.80M,1.205M,0.21M,0.995M,1.133M,0.995M,224.93M,84.38M,140.54M,,,140.54M,9.96M,225.14M,,2014-09,0.37,,0.3723,0.37,,2014-09,,,0.3723,2014-09,373.53M,377.29M,0.05,,2014-09,AOR,Restated
2014-06,1.286B,1.286B,981.64M,304.55M,229.77M,3.275M,1.688M,-1.688M,0.203M,1.115M,0.912M,,233.04M,71.51M,1.115M,0.203M,0.912M,-4.738M,0.912M,67.68M,25.80M,41.88M,,,41.88M,9.962M,67.88M,,2014-06,0.11,,0.1128,0.11,,2014-06,,,0.1128,2014-06,376.07M,379.66M,0.05,,2014-06,AOR,Restated
2014-03,1.119B,1.119B,836.94M,281.96M,144.89M,3.275M,1.464M,-10.05M,0.213M,1.111M,0.898M,,148.16M,133.80M,1.111M,0.213M,0.898M,-4.665M,0.898M,130.03M,55.21M,74.82M,,,74.82M,8.942M,130.24M,,2014-03,0.19,,0.2070,0.19,,2014-03,,,0.2068,2014-03,383.99M,387.81M,0.05,,2014-03,AOR,Restated
2013-12,1.655B,1.655B,1.273B,382.10M,149.71M,3.275M,1.72M,-1.72M,0.168M,1.074M,0.906M,,152.98M,229.12M,1.074M,0.168M,0.906M,2.399M,0.906M,232.42M,12.37M,220.05M,,,220.05M,8.453M,232.59M,,2013-12,0.58,,0.5843,0.58,,2013-12,,,0.5742,2013-12,379.83M,383.75M,0.05,,2013-12,AOR,Restated
2013-09,1.582B,1.582B,1.253B,328.76M,138.64M,3.275M,0.811M,-4.669M,0.171M,1.036M,0.865M,,141.91M,186.85M,1.036M,0.171M,0.865M,-13.00M,0.865M,174.72M,-2.107B,2.282B,,,2.282B,8.05M,174.89M,,2013-09,5.92,,5.928,5.92,,2013-09,,,5.878,2013-09,382.88M,386.10M,0.05,,2013-09,AOR,Restated
2013-06,1.279B,1.279B,1.035B,244.86M,150.53M,3.275M,0.25M,-23.32M,0.166M,1.112M,0.946M,,153.81M,91.05M,1.112M,0.166M,0.946M,-53.67M,0.946M,38.33M,1.913M,36.42M,,,36.42M,7.745M,38.50M,,2013-06,0.09,,0.1475,0.09,,2013-06,,,0.1466,2013-06,385.39M,391.18M,0.05,,2013-06,AOR,Restated
2013-03,1.163B,1.163B,946.08M,216.68M,129.63M,3.275M,0.341M,-0.341M,0.207M,1.173M,0.966M,,132.90M,83.78M,1.173M,0.207M,0.966M,-2.395M,0.966M,82.35M,0.588M,81.76M,,,81.76M,7.339M,82.56M,,2013-03,0.21,,0.2109,0.21,,2013-03,,,0.2109,2013-03,384.23M,390.32M,0.00,,2013-03,AOR,Restated
2012-12,1.567B,1.567B,1.334B,233.36M,141.77M,3.275M,0.48M,-32.55M,0.203M,1.331M,1.128M,,145.04M,88.32M,1.331M,0.203M,1.128M,-38.23M,1.128M,51.21M,-7.529M,58.74M,,,58.74M,7.749M,51.42M,,2012-12,0.15,,0.2051,0.15,,2012-12,,,0.2043,2012-12,383.73M,389.63M,0.00,,2012-12,AOR,Restated
2012-09,1.303B,1.303B,1.065B,237.25M,125.19M,3.275M,0.893M,-0.893M,0.201M,1.219M,1.018M,,128.47M,108.78M,1.219M,0.201M,1.018M,-3.894M,1.018M,105.91M,-10.73M,116.63M,,,116.63M,7.45M,106.11M,,2012-09,0.31,,0.3115,0.31,,2012-09,,,0.3015,2012-09,381.36M,384.57M,0.00,,2012-09,AOR,Restated
2012-06,1.069B,1.069B,897.32M,172.09M,124.19M,3.275M,0.166M,-0.166M,0.198M,1.164M,0.966M,,127.46M,44.63M,1.164M,0.198M,0.966M,-5.667M,0.966M,39.93M,-2.51M,42.44M,,,42.44M,7.435M,40.12M,,2012-06,0.11,,0.1103,0.11,,2012-06,,,0.1103,2012-06,380.66M,382.20M,0.00,,2012-06,AOR,Restated
2012-03,881.04M,881.04M,767.57M,113.46M,123.31M,3.275M,0.739M,-0.739M,0.217M,1.199M,0.982M,,126.59M,-13.12M,1.199M,0.217M,0.982M,-1.348M,0.982M,-13.49M,-1.825M,-11.67M,,,-11.67M,7.393M,-13.27M,,2012-03,-0.03,,-0.0283,-0.03,,2012-03,,,-0.0283,2012-03,380.50M,380.50M,0.00,,2012-03,AOR,Restated
2011-12,1.262B,1.262B,1.138B,124.14M,117.20M,3.275M,3.374M,8.759M,0.323M,1.351M,1.028M,,120.48M,3.662M,1.351M,0.323M,1.028M,-13.76M,1.028M,-9.075M,-22.90M,13.82M,,,13.82M,7.469M,-8.752M,,2011-12,0.04,,0.0250,0.04,,2011-12,,,0.0250,2011-12,380.15M,380.15M,0.00,,2011-12,AOR,Restated
2011-09,1.142B,1.142B,964.19M,177.74M,121.55M,3.275M,2.296M,-255.91M,0.322M,1.122M,0.80M,,124.83M,52.92M,1.122M,0.322M,0.80M,-256.22M,0.80M,-202.50M,-73.20M,-129.30M,,,-129.30M,7.656M,-202.18M,,2011-09,-0.34,,0.0900,-0.34,,2011-09,,,0.0900,2011-09,380.02M,380.02M,0.00,,2011-09,AOR,Restated
2011-06,927.21M,927.21M,832.52M,94.69M,138.38M,3.275M,3.709M,-8.393M,0.317M,1.145M,0.828M,,141.66M,-46.96M,1.145M,0.317M,0.828M,-7.20M,0.828M,-53.33M,2.052M,-55.38M,,,-55.38M,8.003M,-53.02M,,2011-06,-0.15,,-0.1356,-0.15,,2011-06,,,-0.1356,2011-06,379.78M,379.78M,0.00,,2011-06,AOR,Restated
2011-03,805.20M,805.20M,706.43M,98.77M,142.45M,3.275M,0.623M,-0.635M,0.351M,1.437M,1.086M,,145.72M,-46.95M,1.437M,0.351M,1.086M,0.474M,1.086M,-45.39M,-5.866M,-39.53M,,,-39.53M,8.97M,-45.04M,,2011-03,-0.10,,-0.0985,-0.10,,2011-03,,,-0.0985,2011-03,379.54M,379.54M,0.00,,2011-03,AOR,Restated
2010-12,1.185B,1.185B,1.159B,26.29M,150.74M,3.275M,1.609M,-40.53M,0.44M,1.859M,1.419M,,150.35M,-124.06M,1.859M,0.44M,1.419M,-67.84M,1.419M,-190.48M,-25.05M,-165.43M,,,-165.43M,10.73M,-190.04M,,2010-12,-0.44,,-0.3472,-0.44,,2010-12,,,-0.3472,2010-12,379.12M,379.12M,0.00,,2010-12,AOR,Restated
2010-09,1.058B,1.058B,981.09M,76.68M,425.64M,3.275M,1.133M,-656.06M,0.789M,2.601M,1.812M,13.65M,442.57M,-365.89M,2.601M,0.789M,1.812M,-659.76M,1.812M,-1.024B,-28.72M,-995.12M,,,-995.12M,10.57M,-1.023B,,2010-09,-2.63,,-0.9468,-2.63,,2010-09,,,-0.9468,2010-09,378.84M,378.84M,0.00,,2010-09,AOR,Restated
2010-06,1.306B,1.306B,1.152B,154.11M,157.42M,,2.309M,-5.959M,1.018M,2.292M,1.274M,,157.42M,-3.308M,2.292M,1.018M,1.274M,-0.417M,1.274M,-5.726M,-82.03M,76.30M,,,76.30M,11.47M,-4.708M,,2010-06,0.20,,0.2102,0.20,,2010-06,,,0.2102,2010-06,378.62M,380.41M,0.00,,2010-06,AOR,Restated
2010-03,1.020B,1.020B,884.20M,136.15M,161.31M,,0.543M,8.441M,0.482M,2.779M,2.297M,,161.31M,-25.15M,2.779M,0.482M,2.297M,8.347M,2.297M,-14.51M,-2.02M,-12.49M,,,-12.49M,12.89M,-14.03M,,2010-03,-0.03,,-0.0492,-0.03,,2010-03,,,-0.0492,2010-03,377.75M,377.75M,0.00,,2010-03,AOR,Restated
2009-12,1.731B,1.731B,1.838B,-107.53M,202.07M,,,-615.42M,0.917M,1.178M,0.261M,,202.07M,-309.61M,1.178M,0.917M,0.261M,-607.88M,0.261M,-917.22M,-800.33M,-116.90M,,,-116.90M,14.90M,-916.31M,,2009-12,-0.06,,0.9990,-0.06,,2009-12,,,0.9990,2009-12,377.74M,377.74M,0.00,,2009-12,AOR,Restated
2009-09,1.091B,1.091B,1.136B,-44.58M,221.54M,,17.21M,-89.82M,0.431M,1.814M,1.383M,,221.54M,-266.11M,1.814M,0.431M,1.383M,-93.99M,1.383M,-358.72M,2.668M,-361.39M,,,-361.39M,14.54M,-358.29M,,2009-09,-1.15,,-0.9635,-1.15,,2009-09,,,-0.9635,2009-09,313.00M,313.00M,0.00,,2009-09,AOR,Restated
2009-06,678.58M,678.58M,766.33M,-87.75M,122.26M,,0.339M,23.38M,0.436M,2.647M,2.211M,,122.26M,-210.01M,2.647M,0.436M,2.211M,20.87M,2.211M,-186.93M,2.536M,-189.46M,,,-189.46M,11.82M,-186.49M,,2009-06,-0.74,,-0.7996,-0.74,,2009-06,,,-0.7996,2009-06,254.76M,254.76M,0.00,,2009-06,AOR,Restated
2009-03,583.89M,583.89M,918.14M,-334.25M,126.56M,,0.633M,-3.963M,0.478M,3.528M,3.05M,,126.56M,-460.81M,3.528M,0.478M,3.05M,-54.48M,3.05M,-512.25M,2.572M,-514.82M,,,-514.82M,12.98M,-511.77M,,2009-03,-2.02,,-2.010,-2.02,,2009-03,,,-2.010,2009-03,254.58M,254.58M,0.00,,2009-03,AOR,Restated
2008-12,1.644B,1.644B,1.877B,-233.09M,216.37M,,,-23.90M,0.729M,6.468M,5.739M,,216.37M,-449.47M,6.468M,0.729M,5.739M,-36.00M,5.739M,-479.72M,-141.56M,-338.16M,,,-338.16M,16.44M,-479.00M,,2008-12,-1.33,,-1.264,-1.33,,2008-12,,,-1.264,2008-12,253.84M,253.84M,0.04,,2008-12,,Restated
2008-09,1.558B,1.558B,1.653B,-95.10M,200.35M,,0.931M,-3.96M,0.723M,6.362M,5.639M,,200.35M,-295.44M,6.362M,0.723M,5.639M,-6.647M,5.639M,-294.59M,-14.20M,-280.39M,,,-280.39M,18.71M,-293.87M,,2008-09,-1.11,,-1.095,-1.11,,2008-09,,,-1.095,2008-09,253.58M,253.58M,0.04,,2008-09,,Restated
2008-06,1.619B,1.619B,1.634B,-14.14M,186.40M,,,-18.56M,0.708M,6.352M,5.644M,,186.40M,-200.54M,6.352M,0.708M,5.644M,-20.33M,5.644M,-215.23M,-56.81M,-158.42M,,,-158.42M,19.11M,-214.52M,,2008-06,-0.63,,-0.5761,-0.63,,2008-06,,,-0.5761,2008-06,253.45M,253.45M,0.04,,2008-06,,Restated
2008-03,1.449B,1.449B,1.949B,-499.85M,196.95M,,,,0.00,,0.00,,196.95M,-696.80M,,0.00,0.00,3.746M,0.00,-693.06M,3.088M,-696.14M,,,-696.14M,19.72M,-693.06M,,2008-03,-2.75,,-2.75,-2.75,,2008-03,,,-2.75,2008-03,253.17M,253.17M,0.04,,2008-03,,Restated
2007-12,2.899B,2.899B,2.946B,-47.58M,323.93M,,,,,,,,323.93M,-371.51M,,,,-82.32M,,-453.83M,439.49M,-893.32M,,,-874.66M,19.74M,-371.51M,,2007-12,-3.54,,-3.54,-3.46,,2007-12,,,-3.54,2007-12,252.49M,252.49M,0.04,,2007-12,,
2007-09,2.472B,2.472B,2.839B,-367.35M,674.99M,,,,,,,,674.99M,-1.042B,,,,-51.58M,,-1.094B,-306.04M,-787.87M,,,-787.87M,20.84M,-1.042B,,2007-09,-3.12,,-3.12,-3.12,,2007-09,,,-3.12,2007-09,252.26M,252.26M,0.04,,2007-09,,
2007-06,2.021B,2.021B,2.405B,-383.51M,367.95M,,,,,,,,367.95M,-751.46M,,,,-55.15M,,-806.61M,-299.06M,-507.55M,,,-507.55M,21.61M,-751.46M,,2007-06,-2.01,,-2.01,-2.01,,2007-06,,,-2.01,2007-06,252.09M,252.09M,0.04,,2007-06,,
2007-03,1.871B,1.871B,1.687B,184.87M,326.44M,,,,,,,,326.44M,-141.57M,,,,-0.976M,,-142.55M,-56.88M,-85.67M,,,-85.67M,21.66M,-141.57M,,2007-03,-0.34,,-0.34,-0.34,,2007-03,,,-0.34,2007-03,251.92M,251.92M,0.04,,2007-03,,
2006-12,4.389B,4.389B,3.922B,467.39M,388.92M,,,0.00,,,,,388.92M,78.47M,,,,-96.52M,,-18.06M,-9.754M,-8.301M,-0.111M,,-8.412M,25.17M,78.47M,,2006-12,-0.03,,-0.03,-0.03,,2006-12,,,-0.03,2006-12,251.24M,257.62M,0.04,,2006-12,,
2006-09,3.564B,3.564B,2.960B,604.25M,310.61M,,,,,,,,310.61M,293.63M,,,,1.881M,,295.51M,104.06M,191.45M,-1.231M,,190.22M,20.52M,293.63M,,2006-09,0.76,,0.76,0.76,,2006-09,,,0.74,2006-09,251.29M,257.22M,0.04,,2006-09,,
2006-06,3.359B,3.359B,2.675B,684.33M,295.39M,,,,,,,,295.39M,388.94M,,,,-1.212M,,387.72M,143.87M,243.85M,-0.833M,,243.02M,19.62M,388.94M,,2006-06,0.97,,0.97,0.96,,2006-06,,,0.94,2006-06,252.62M,258.95M,0.04,,2006-06,,
2006-03,2.963B,2.963B,2.287B,675.88M,291.28M,,,,,,,,291.28M,384.60M,,,,32.94M,,417.54M,154.90M,262.64M,,,262.64M,18.36M,384.60M,,2006-03,1.04,,1.04,1.04,,2006-03,,,1.01,2006-03,253.68M,260.74M,0.04,,2006-03,,
2005-12,5.135B,5.132B,3.245B,1.886B,,,,,,,,,,729.36M,,,,97.61M,,830.59M,298.86M,531.74M,42.80M,,574.54M,16.70M,729.36M,,2005-12,2.08,,2.08,2.25,,2005-12,,,2.03,2005-12,255.14M,262.77M,0.04,,2005-12,,
2005-09,3.793B,3.794B,3.170B,623.87M,,,,-24.73M,,,,,-24.73M,623.87M,,,,-9.044M,,613.70M,231.28M,382.42M,13.00M,,395.42M,16.11M,623.87M,,2005-09,1.49,,1.550,1.54,,2005-09,,,1.508,2005-09,256.08M,263.91M,0.04,,2005-09,,
2005-06,3.250B,3.251B,2.759B,492.34M,,,,-29.11M,,,,,-29.11M,492.34M,,,,-5.258M,,485.82M,180.64M,305.19M,-1.476M,,303.71M,14.96M,492.34M,,2005-06,1.19,,1.261,1.19,,2005-06,,,1.229,2005-06,255.87M,263.68M,0.025,,2005-06,,
2005-03,2.518B,2.518B,2.162B,356.10M,24.00M,,,,,,,,24.00M,332.10M,,,,14.80M,,346.90M,129.35M,217.55M,0.695M,,218.24M,13.73M,332.10M,,2005-03,0.85,,0.85,0.86,,2005-03,,,0.83,2005-03,254.87M,262.75M,0.025,,2005-03,,
2004-12,4.008B,4.008B,3.285B,723.26M,,,,,,,,,,630.83M,,,,26.39M,,657.22M,243.42M,413.80M,-16.43M,,397.37M,12.26M,630.83M,,2004-12,1.62,,1.62,1.57,,2004-12,,,1.58,2004-12,256.15M,263.39M,0.025,,2004-12,,
2004-09,2.960B,2.960B,2.558B,401.82M,,,,,,,,,,401.82M,,,,16.15M,,417.97M,158.84M,259.12M,10.81M,,269.94M,12.02M,401.82M,,2004-09,1.02,,1.02,1.07,,2004-09,,,0.99,2004-09,253.13M,260.97M,0.025,,2004-09,,
2004-06,2.515B,2.515B,2.222B,293.58M,,,,,,,,,,293.58M,,,,10.38M,,303.96M,115.49M,188.47M,-0.867M,,187.60M,11.87M,293.58M,,2004-06,0.745,,0.745,0.745,,2004-06,,,0.73,2004-06,252.51M,258.71M,0.025,,2004-06,,
2004-03,2.032B,2.032B,1.826B,205.95M,,,,,,,,,,205.95M,,,,7.223M,,213.17M,81.00M,132.18M,-0.548M,,131.63M,10.16M,205.95M,,2004-03,0.525,,0.525,0.525,,2004-03,,,0.51,2004-03,250.60M,257.66M,0.025,,2004-03,,
2003-12,2.910B,2.910B,2.447B,462.88M,,,,,,,,,,384.24M,,,,14.11M,,398.35M,150.14M,248.21M,-0.318M,,247.89M,10.05M,384.24M,,2003-12,1.015,,1.015,1.015,,2003-12,,,0.985,2003-12,246.91M,255.73M,0.025,,2003-12,,
2003-09,2.400B,2.400B,2.152B,248.11M,,,,,,,,,,248.11M,,,,11.56M,,259.66M,98.63M,161.04M,7.851M,,168.89M,10.71M,248.11M,,2003-09,0.66,,0.66,0.69,,2003-09,,,0.64,2003-09,244.50M,251.56M,0.01,,2003-09,,
2003-06,1.958B,1.958B,1.766B,192.36M,,,,,,,,,,192.36M,,,,4.475M,,196.83M,74.83M,122.00M,-0.283M,,121.72M,10.33M,192.36M,,2003-06,0.5025,,0.5025,0.5025,,2003-06,,,0.4875,2003-06,242.74M,249.89M,0.01,,2003-06,,
2003-03,1.553B,1.553B,1.422B,130.50M,,,,,,,,,,130.50M,,,,8.66M,,139.16M,52.86M,86.30M,-0.164M,,86.14M,8.331M,130.50M,,2003-03,0.355,,0.355,0.355,,2003-03,,,0.35,2003-03,242.67M,248.08M,0.01,,2003-03,,
2002-12,2.522B,2.522B,2.180B,342.24M,,,,,,,,,,279.08M,,,,3.199M,,282.27M,110.05M,172.23M,-0.344M,,171.88M,15.70M,279.08M,,2002-12,0.70,,0.70,0.7125,,2002-12,,,0.685,2002-12,243.13M,247.37M,0.01,,2002-12,,
2002-09,1.860B,1.860B,1.676B,183.80M,,,,,,,,,,183.80M,,,,2.29M,,186.09M,72.58M,113.51M,9.937M,,123.45M,6.472M,183.80M,,2002-09,0.4675,,0.4675,0.5075,,2002-09,,,0.4575,2002-09,243.17M,247.80M,0.01,,2002-09,,
2002-06,1.686B,1.686B,1.541B,144.98M,,,,,,,,,,144.98M,,,,3.244M,,148.22M,57.81M,90.41M,-0.205M,,90.20M,5.764M,144.98M,,2002-06,0.3725,,0.3725,0.3725,,2002-06,,,0.3625,2002-06,242.00M,249.44M,0.01,,2002-06,,
2002-03,1.379B,1.379B,1.270B,108.85M,,,,,,,,,,108.85M,,,,3.685M,,112.53M,43.89M,68.64M,-0.528M,,68.11M,10.99M,108.85M,,2002-03,0.2875,,0.2875,0.285,,2002-03,,,0.28,2002-03,239.45M,245.89M,0.01,,2002-03,,
2001-12,2.009B,2.009B,1.721B,288.02M,,,,,,,,,,228.36M,,,,10.57M,,194.39M,74.85M,119.54M,-0.095M,,119.44M,11.76M,228.36M,,2001-12,0.5625,,0.5625,0.5375,,2001-12,,,0.5475,2001-12,236.24M,241.60M,0.01,,2001-12,,
2001-09,1.482B,1.482B,1.348B,134.28M,,,,,,,,,,134.28M,,,,0.947M,,135.22M,52.07M,83.15M,-0.364M,,82.79M,10.69M,134.28M,,2001-09,0.39,,0.39,0.3875,,2001-09,,,0.3825,2001-09,213.68M,218.07M,0.01,,2001-09,,
2001-06,1.059B,1.059B,966.07M,92.65M,,,,,,,,,,92.65M,,,,5.918M,,98.57M,37.95M,60.62M,-0.825M,,59.79M,4.892M,92.65M,,2001-06,0.36,,0.36,0.355,,2001-06,,,0.35,2001-06,167.95M,173.46M,0.01,,2001-06,,
2001-03,840.48M,840.48M,779.67M,60.80M,,,,,,,,,,60.80M,,,,2.806M,,63.61M,24.49M,39.12M,0.252M,,39.37M,5.045M,60.80M,,2001-03,0.235,,0.235,0.2375,,2001-03,,,0.2275,2001-03,167.18M,172.00M,0.01,,2001-03,,
2000-12,1.435B,1.435B,1.223B,211.33M,,,,,,,,,47.23M,164.11M,,,,5.141M,,139.19M,53.60M,85.60M,-0.003M,,85.59M,4.528M,164.11M,,2000-12,0.52,,0.52,0.5175,,2000-12,,,0.505,2000-12,164.10M,170.36M,0.01,,2000-12,,
2000-09,1.054B,1.054B,955.08M,98.80M,,,,2.317M,,,,,2.171M,96.63M,,,,2.317M,,98.95M,38.09M,60.86M,-29.97M,,30.89M,2.171M,96.63M,,2000-09,0.375,,0.3662,0.19,,2000-09,,,0.3589,2000-09,161.90M,166.11M,0.01,,2000-09,,
2000-06,982.58M,982.58M,902.83M,79.76M,,,,1.639M,,,,,3.905M,75.85M,,,,1.639M,,77.49M,29.83M,47.66M,0.032M,,47.69M,3.905M,75.85M,,2000-06,0.29,,0.2839,0.29,,2000-06,,,0.2814,2000-06,164.21M,166.28M,0.01,,2000-06,,
2000-03,775.82M,775.82M,733.26M,42.56M,,,,0.531M,,,,,3.626M,38.93M,,,,0.531M,,39.46M,15.19M,24.27M,0.067M,,24.34M,3.626M,38.93M,,2000-03,0.1425,,0.1406,0.1425,,2000-03,,,0.1406,2000-03,170.78M,171.48M,0.01,,2000-03,,
1999-12,1.274B,1.274B,1.120B,153.92M,,,,,,,,,45.13M,108.79M,,,,4.016M,,112.80M,43.02M,69.79M,,,69.66M,4.90M,108.79M,,1999-12,0.4025,,0.4025,0.4025,,1999-12,,,0.3975,1999-12,173.21M,174.04M,0.01,,1999-12,,
1999-09,973.10M,973.10M,895.30M,77.80M,,,,0.60M,,,,,2.50M,75.30M,,,,0.60M,,76.00M,28.50M,47.50M,-0.40M,,47.10M,2.50M,75.30M,,1999-09,0.275,,0.2728,0.2725,,1999-09,,,0.2679,1999-09,172.84M,176.07M,0.01,,1999-09,,
1999-06,834.15M,834.15M,773.40M,60.75M,,,,0.30M,,,,,3.00M,57.75M,,,,0.30M,,58.10M,21.00M,37.10M,0.10M,,37.20M,3.00M,57.75M,,1999-06,0.215,,0.2139,0.215,,1999-06,,,0.2114,1999-06,173.02M,175.06M,0.01,,1999-06,,
1999-03,682.47M,682.47M,641.60M,40.87M,,,,1.90M,,,,,3.10M,37.77M,,,,1.90M,,39.60M,15.60M,24.00M,0.40M,,24.40M,3.10M,37.77M,,1999-03,0.1375,,0.1309,0.14,,1999-03,,,0.1285,1999-03,174.29M,177.45M,0.01,,1999-03,,
1998-12,906.90M,906.90M,844.00M,62.90M,,,,0.40M,,,,,0.80M,62.10M,,,,0.40M,,62.50M,24.40M,38.10M,0.30M,,38.40M,0.80M,62.10M,,1998-12,0.22,,0.2186,0.225,,1998-12,,,0.2136,1998-12,171.26M,174.97M,0.01,,1998-12,,
1998-09,759.30M,759.30M,707.20M,52.10M,,,,-3.10M,,,,,2.40M,49.70M,,,,-3.10M,,46.70M,18.20M,28.50M,0.10M,,28.60M,2.40M,49.70M,,1998-09,0.165,,0.1759,0.165,,1998-09,,,0.1706,1998-09,173.33M,178.75M,0.01,,1998-09,,
1998-06,679.70M,679.70M,641.10M,38.60M,,,,0.20M,,,,,0.10M,38.50M,,,,0.20M,,38.60M,15.00M,23.60M,0.20M,,23.80M,0.10M,38.50M,,1998-06,0.1375,,0.1368,0.1375,,1998-06,,,0.1343,1998-06,173.09M,176.30M,0.01,,1998-06,,
