,OperatingRevenue,Revenue,CostofGoodsSold,GrossProfit,SG&AExpense,SpecialIncomeandCharges,OperatingInterestExpense,OperatingInterestIncome,NetOperatingInterestIncome,OtherOperatingExpenses,TotalOperatingExpenses,OperatingIncome,Non-OperatingInterestIncome,Non-OperatingInterestExpense,NetNon-OperatingInterestIncomeExpense,OtherIncomeandExpenses,NetInterestIncome,Pre-TaxIncome,ProvisionforIncomeTaxes,IncomefromContinuingOperations,IncomefromDiscontinuedOperations,"ExtraordinaryItems,IncomeStatement",NetIncome,NormalizedIncome,EBITDA,,BasicEPS(Quarterly),EPSBasicfromContinuingOperations,EPSBasicfromDiscontinuedOperations,EPSBasicfromExtraordinaries,,DilutedEPS(Quarterly),EPSDilutedfromContinuingOperations,EPSDilutedfromDiscontinuedOperations,EPSDilutedfromExtraordinaries,,SharesData(Quarterly),AverageBasicSharesOutstanding,,SECFilingLinks,AsOriginallyReported,Restated
2020-11,1.410B,1.757B,937.16M,819.88M,467.01M,,24.56M,0.218M,-24.34M,,467.01M,352.87M,0.218M,24.56M,-24.34M,,-24.34M,328.53M,43.68M,284.86M,0.00,,284.86M,284.86M,449.56M,,2020-11,2.69,0.00,,,2020-11,2.62,0.00,,,2020-11,105.00M,,2020-11,AOR,
2020-08,1.394B,1.747B,920.37M,826.20M,476.50M,,24.55M,0.064M,-24.49M,,476.50M,349.71M,0.064M,24.55M,-24.49M,,-24.49M,325.22M,25.22M,300.00M,,,300.00M,300.00M,445.95M,,2020-08,2.86,,,,2020-08,2.78,,,,2020-08,104.11M,,2020-08,AOR,
2020-05,1.271B,1.620B,911.76M,707.82M,500.39M,0.00,25.95M,0.196M,-25.76M,,500.39M,207.43M,0.196M,25.95M,-25.76M,,-25.76M,181.68M,37.09M,144.58M,0.00,,144.58M,144.58M,304.19M,,2020-05,1.38,0.00,,,2020-05,1.35,0.00,,,2020-05,103.74M,,2020-05,AOR,
2020-02,1.448B,1.811B,986.25M,824.40M,509.74M,0.00,25.94M,0.347M,-25.60M,,509.74M,314.65M,0.347M,25.94M,-25.60M,,-25.60M,289.06M,54.54M,234.52M,0.00,,234.52M,234.52M,411.16M,,2020-02,2.23,0.00,,,2020-02,2.16,0.00,,,2020-02,104.24M,,2020-02,AOR,
2019-11,1.470B,1.844B,991.36M,852.39M,517.93M,0.00,26.18M,0.283M,-25.89M,,517.93M,334.46M,0.283M,26.18M,-25.89M,,-25.89M,308.57M,62.13M,246.44M,-0.323M,,246.12M,246.44M,429.08M,,2019-11,2.35,0.00,,,2019-11,2.27,0.00,,,2019-11,103.96M,,2019-11,AOR,
2019-08,1.455B,1.811B,962.00M,849.14M,543.00M,,27.32M,0.162M,-27.16M,,543.00M,306.15M,0.162M,27.32M,-27.16M,,-27.16M,278.99M,28.18M,250.81M,,,250.81M,250.81M,398.30M,,2019-08,2.40,,,,2019-08,2.32,,,,2019-08,103.54M,,2019-08,AOR,Restated
2019-05,1.428B,1.794B,970.16M,823.56M,508.24M,-0.914M,25.78M,0.271M,-25.51M,,508.24M,315.32M,0.271M,25.78M,-25.51M,-0.914M,-25.51M,288.90M,62.73M,226.17M,-0.052M,,226.12M,226.89M,408.45M,,2019-05,2.13,0.00,,,2019-05,2.06,0.00,,,2019-05,105.88M,,2019-05,AOR,Restated
2019-02,1.358B,1.682B,927.18M,755.15M,476.10M,-0.799M,26.77M,0.07M,-26.70M,,476.10M,279.05M,0.07M,26.77M,-26.70M,-0.799M,-26.70M,251.56M,50.63M,200.92M,2.411M,,203.33M,201.56M,369.98M,,2019-02,1.89,0.02,,,2019-02,1.83,0.02,,,2019-02,105.08M,,2019-02,AOR,Restated
2018-11,1.391B,1.718B,943.11M,775.16M,491.67M,-7.847M,24.88M,0.391M,-24.49M,,491.67M,283.49M,0.391M,24.88M,-24.49M,61.53M,-24.49M,320.52M,77.53M,242.99M,0.019M,,243.01M,196.36M,433.78M,,2018-11,2.25,0.00,,,2018-11,2.18,0.00,,,2018-11,106.48M,,2018-11,AOR,Restated
2018-08,1.375B,1.698B,923.26M,774.71M,504.63M,-4.85M,24.30M,0.496M,-23.81M,,504.63M,270.08M,0.496M,24.30M,-23.81M,-4.85M,-23.81M,241.42M,28.87M,212.55M,-0.032M,,212.52M,216.82M,352.02M,,2018-08,1.96,0.00,,,2018-08,1.89,0.00,,,2018-08,106.84M,,2018-08,AOR,Restated
2018-05,1.343B,1.670B,917.21M,752.34M,471.81M,-15.03M,24.83M,0.37M,-24.46M,,471.81M,280.53M,0.37M,24.83M,-24.46M,-15.03M,-24.46M,241.04M,51.74M,189.30M,-3.127M,,186.17M,201.10M,340.38M,,2018-05,1.74,-0.03,,,2018-05,1.68,-0.03,,,2018-05,107.74M,,2018-05,AOR,Restated
2018-02,1.285B,1.589B,888.68M,700.46M,490.62M,-9.821M,25.90M,0.384M,-25.52M,,490.62M,209.84M,0.384M,25.90M,-25.52M,-9.821M,-25.52M,174.51M,-121.28M,295.79M,6.306M,,302.10M,302.96M,266.47M,,2018-02,2.73,0.06,,,2018-02,2.66,0.05,,,2018-02,106.56M,,2018-02,AOR,Restated
2017-11,1.308B,1.606B,890.07M,716.37M,468.08M,-13.07M,29.13M,0.291M,-28.84M,,468.08M,248.28M,0.291M,29.13M,-28.84M,-13.07M,-28.84M,206.37M,68.64M,137.74M,-0.628M,,137.11M,146.46M,305.83M,,2017-11,1.27,-0.01,,,2017-11,1.24,-0.01,,,2017-11,106.34M,,2017-11,AOR,Restated
2017-08,1.312B,1.612B,872.15M,739.35M,486.28M,-3.971M,30.32M,0.297M,-30.02M,,486.28M,253.07M,0.297M,30.32M,-30.02M,-3.971M,-30.02M,219.08M,57.97M,161.11M,56.10M,,217.21M,164.03M,317.90M,,2017-08,1.50,0.52,,,2017-08,1.45,0.51,,,2017-08,105.74M,,2017-08,AOR,Restated
2017-05,1.220B,1.530B,851.56M,678.73M,437.67M,-63.75M,45.39M,0.13M,-45.26M,,437.67M,241.05M,0.13M,45.39M,-45.26M,-63.75M,-45.26M,132.05M,49.87M,82.17M,2.061M,,84.24M,121.84M,242.32M,,2017-05,0.76,0.02,,,2017-05,0.75,0.01,,,2017-05,105.33M,,2017-05,AOR,Restated
2017-02,988.18M,1.255B,695.44M,559.92M,358.59M,-9.344M,13.70M,0.011M,-13.68M,,358.59M,201.34M,0.011M,13.70M,-13.68M,-9.344M,-13.68M,178.31M,61.35M,116.95M,1.051M,,118.00M,123.08M,236.67M,,2017-02,1.09,0.01,,,2017-02,1.06,0.01,,,2017-02,105.09M,,2017-02,AOR,Restated
2016-11,1.000B,1.271B,705.86M,565.22M,361.42M,-3.347M,13.27M,0.031M,-13.24M,,361.42M,203.80M,0.031M,13.27M,-13.24M,-3.347M,-13.24M,187.22M,65.27M,121.95M,18.43M,,140.38M,124.13M,244.37M,,2016-11,1.15,0.17,,,2016-11,1.12,0.17,,,2016-11,104.96M,,2016-11,AOR,Restated
2016-08,994.28M,1.267B,690.22M,576.43M,369.70M,-2.787M,14.17M,0.065M,-14.11M,,369.70M,206.72M,0.065M,14.17M,-14.11M,-2.787M,-14.11M,189.83M,53.62M,136.21M,1.883M,,138.09M,138.21M,247.17M,,2016-08,1.27,0.02,,,2016-08,1.24,0.02,,,2016-08,104.48M,,2016-08,AOR,Restated
2016-05,946.85M,1.162B,636.53M,525.19M,335.06M,,15.78M,0.331M,-15.44M,,335.06M,190.13M,0.331M,15.78M,-15.44M,,-15.44M,174.69M,65.01M,109.68M,21.22M,,130.90M,109.68M,233.07M,,2016-05,1.09,0.12,,,2016-05,1.08,0.12,,,2016-05,106.12M,,2016-05,AOR,Restated
2016-02,936.56M,1.216B,691.48M,524.61M,331.66M,0.00,16.16M,0.335M,-15.83M,,331.66M,192.95M,0.335M,16.16M,-15.83M,,-15.83M,177.12M,59.84M,117.28M,0.062M,,117.34M,117.28M,235.06M,,2016-02,1.07,0.00,,,2016-02,1.05,0.00,,,2016-02,107.84M,,2016-02,AOR,Restated
2015-11,937.70M,1.219B,691.68M,527.40M,327.05M,0.00,16.17M,0.111M,-16.06M,,327.05M,200.35M,0.111M,16.17M,-16.06M,,-16.06M,184.29M,68.84M,115.45M,229.65M,,345.10M,115.45M,241.59M,,2015-11,1.05,2.06,,,2015-11,1.03,2.03,,,2015-11,108.30M,,2015-11,AOR,Restated
2015-08,938.41M,1.199B,674.75M,524.14M,338.64M,0.00,16.41M,0.119M,-16.29M,,338.64M,185.51M,0.119M,16.41M,-16.29M,,-16.29M,169.21M,63.02M,106.20M,-6.017M,,100.18M,106.20M,225.39M,,2015-08,0.94,-0.05,,,2015-08,0.93,-0.05,,,2015-08,110.60M,,2015-08,AOR,Restated
2015-05,870.62M,1.035B,577.13M,458.25M,293.30M,0.00,16.40M,0.171M,-16.22M,,293.30M,164.95M,0.171M,16.40M,-16.22M,0.00,-16.22M,148.73M,56.11M,92.62M,12.60M,,105.22M,92.62M,204.16M,,2015-05,0.88,0.03,,,2015-05,0.86,0.03,,,2015-05,113.64M,,2015-05,AOR,Restated
2015-02,883.40M,1.109B,633.54M,475.31M,301.69M,0.00,16.25M,0.096M,-16.16M,,301.69M,173.62M,0.096M,16.25M,-16.16M,0.00,-16.16M,157.46M,57.13M,100.33M,-5.448M,,94.88M,100.33M,211.60M,,2015-02,0.86,-0.05,,,2015-02,0.85,-0.05,,,2015-02,116.18M,,2015-02,AOR,Restated
2014-11,891.48M,1.123B,641.96M,481.42M,299.84M,0.00,15.93M,0.019M,-15.91M,,299.84M,181.58M,0.019M,15.93M,-15.91M,0.00,-15.91M,165.67M,61.97M,103.70M,16.71M,,120.41M,103.70M,220.10M,,2014-11,0.88,0.14,,,2014-11,0.86,0.14,,,2014-11,117.12M,,2014-11,AOR,Restated
2014-08,873.70M,1.102B,624.13M,477.95M,314.46M,21.74M,16.58M,0.053M,-16.53M,,314.46M,163.49M,0.053M,16.58M,-16.53M,21.74M,-16.53M,168.70M,62.79M,105.90M,4.203M,,110.11M,92.25M,224.93M,,2014-08,0.90,0.04,,,2014-08,0.89,0.04,,,2014-08,116.66M,,2014-08,AOR,Restated
2014-05,905.75M,858.69M,501.74M,356.95M,197.82M,2.158M,16.40M,0.033M,-16.36M,,197.82M,159.14M,0.033M,16.40M,-16.36M,2.158M,-16.36M,144.93M,53.34M,91.59M,35.63M,,127.22M,90.23M,206.90M,,2014-05,1.04,0.29,,,2014-05,1.03,0.29,,,2014-05,119.53M,,2014-05,AOR,Restated
2014-02,801.70M,1.111B,641.34M,469.63M,317.87M,-2.158M,16.42M,0.044M,-16.37M,,317.87M,151.76M,0.044M,16.42M,-16.37M,-2.158M,-16.37M,133.23M,48.90M,84.33M,0.276M,,84.60M,85.69M,198.01M,,2014-02,0.70,0.00,,,2014-02,0.69,0.00,,,2014-02,119.91M,,2014-02,AOR,Restated
2013-11,804.32M,1.124B,656.85M,467.08M,314.87M,0.00,16.48M,0.084M,-16.40M,,314.87M,152.21M,0.084M,16.48M,-16.40M,0.00,-16.40M,135.81M,51.35M,84.46M,0.406M,,84.86M,84.46M,200.82M,,2013-11,0.70,0.01,,,2013-11,0.69,0.01,,,2013-11,119.91M,,2013-11,AOR,Restated
2013-08,792.87M,1.100B,644.15M,456.10M,316.48M,0.00,16.52M,0.068M,-16.46M,,316.48M,139.61M,0.068M,16.52M,-16.46M,0.00,-16.46M,123.16M,45.76M,77.40M,0.356M,,77.75M,77.40M,188.07M,,2013-08,0.63,0.00,,,2013-08,0.63,0.00,,,2013-08,122.13M,,2013-08,AOR,Restated
2013-05,785.02M,1.059B,625.12M,433.46M,278.82M,,16.52M,0.051M,-16.47M,,278.82M,154.64M,0.051M,16.52M,-16.47M,,-16.47M,138.17M,51.05M,87.12M,,,85.98M,87.12M,202.94M,,2013-05,0.69,,,,2013-05,0.69,,,,2013-05,122.38M,,2013-05,AOR,Restated
2013-02,748.89M,1.076B,633.73M,441.94M,308.92M,,16.30M,0.132M,-16.17M,,308.92M,133.02M,0.132M,16.30M,-16.17M,,-16.17M,116.85M,42.15M,74.70M,,,74.70M,74.70M,180.99M,,2013-02,0.60,,,,2013-02,0.60,,,,2013-02,123.12M,,2013-02,AOR,Restated
2012-11,755.84M,1.060B,628.35M,432.04M,293.01M,,16.29M,0.149M,-16.14M,,293.01M,139.02M,0.149M,16.29M,-16.14M,,-16.14M,122.88M,44.85M,78.03M,,,78.03M,78.03M,186.02M,,2012-11,0.63,,,,2012-11,0.63,,,,2012-11,124.18M,,2012-11,AOR,Restated
2012-08,754.84M,1.051B,605.45M,445.88M,306.58M,,16.60M,0.077M,-16.52M,,306.58M,139.29M,0.077M,16.60M,-16.52M,,-16.52M,122.77M,46.04M,76.73M,,,76.73M,76.73M,185.81M,,2012-08,0.61,,,,2012-08,0.60,,,,2012-08,126.11M,,2012-08,AOR,Restated
2012-05,749.04M,1.054B,609.71M,443.87M,303.04M,,18.34M,0.801M,-17.54M,,303.04M,140.83M,0.801M,18.34M,-17.54M,,-17.54M,123.29M,44.68M,78.61M,,,78.61M,78.61M,190.71M,,2012-05,0.60,,,,2012-05,0.60,,,,2012-05,128.78M,,2012-05,AOR,Restated
2012-02,721.01M,1.012B,586.21M,425.90M,288.37M,,17.22M,0.373M,-16.85M,,288.37M,137.54M,0.373M,17.22M,-16.85M,,-16.85M,120.69M,44.66M,76.04M,,,76.04M,76.04M,206.07M,,2012-02,0.58,,,,2012-02,0.58,,,,2012-02,129.74M,,2012-02,AOR,Restated
2011-11,1.019B,1.019B,589.33M,429.80M,297.11M,,17.73M,0.403M,-17.32M,,297.11M,132.68M,0.403M,17.73M,-17.32M,,-17.32M,115.36M,41.01M,74.35M,,,74.35M,74.35M,171.73M,,2011-11,0.57,0.00,,,2011-11,0.57,0.00,,,2011-11,129.73M,,2011-11,AOR,Restated
2011-08,1.017B,1.017B,578.14M,439.04M,310.47M,,17.33M,0.365M,-16.97M,,310.47M,128.57M,0.365M,17.33M,-16.97M,,-16.97M,111.60M,42.97M,68.64M,,,68.64M,68.64M,167.22M,,2011-08,0.52,0.00,,,2011-08,0.52,0.00,,,2011-08,131.31M,,2011-08,AOR,Restated
2011-05,-106.05M,1.012B,579.04M,433.05M,304.17M,,12.75M,0.778M,-11.97M,,304.17M,128.88M,0.778M,12.75M,-11.97M,,-11.97M,116.91M,46.13M,70.78M,,,70.78M,70.78M,211.00M,,2011-05,0.49,,,,2011-05,0.49,,,,2011-05,143.29M,,2011-05,AOR,Restated
2011-02,937.83M,937.83M,545.91M,391.92M,283.04M,,12.52M,0.28M,-12.24M,,283.04M,108.88M,0.28M,12.52M,-12.24M,,-12.24M,96.64M,37.57M,59.07M,,,59.07M,59.07M,146.72M,,2011-02,0.41,0.00,,,2011-02,0.41,0.00,,,2011-02,145.30M,,2011-02,AOR,
2010-11,936.57M,936.57M,545.92M,390.65M,288.30M,,12.16M,0.394M,-11.77M,,288.30M,102.34M,0.394M,12.16M,-11.77M,,-11.77M,90.58M,34.71M,55.87M,,,55.87M,55.87M,139.94M,,2010-11,0.38,0.00,,,2010-11,0.38,0.00,,,2010-11,145.51M,,2010-11,AOR,Restated
2010-08,923.90M,923.90M,530.23M,393.67M,293.42M,,12.27M,0.578M,-11.70M,,293.42M,100.25M,0.578M,12.27M,-11.70M,,-11.70M,88.55M,27.27M,61.28M,,,61.28M,61.28M,138.19M,,2010-08,0.40,0.00,,,2010-08,0.40,0.00,,,2010-08,152.16M,,2010-08,AOR,Restated
2010-05,909.45M,909.45M,523.88M,385.57M,286.93M,,12.42M,0.60M,-11.82M,,286.93M,98.64M,0.60M,12.42M,-11.82M,,-11.82M,89.70M,34.22M,55.48M,,,55.48M,55.48M,140.34M,,2010-05,0.36,0.00,,,2010-05,0.36,0.00,,,2010-05,152.87M,,2010-05,AOR,Restated
2010-02,861.81M,861.81M,502.20M,359.61M,275.60M,,11.58M,0.422M,-11.15M,,275.60M,84.01M,0.422M,11.58M,-11.15M,,-11.15M,72.86M,23.88M,48.98M,,,48.98M,48.98M,122.37M,,2010-02,0.32,0.00,,,2010-02,0.32,0.00,,,2010-02,152.87M,,2010-02,AOR,Restated
2009-11,884.51M,884.51M,514.66M,369.85M,263.46M,,12.58M,0.314M,-12.26M,,263.46M,106.39M,0.314M,12.58M,-12.26M,,-12.26M,94.12M,36.95M,57.18M,,,57.18M,57.18M,144.05M,,2009-11,0.37,0.00,,,2009-11,0.37,0.00,,,2009-11,152.87M,,2009-11,AOR,Restated
2009-08,891.57M,891.57M,508.77M,382.80M,283.90M,,12.04M,0.359M,-11.68M,,283.90M,98.89M,0.359M,12.04M,-11.68M,,-11.68M,87.21M,33.23M,53.98M,,,53.98M,53.98M,137.80M,,2009-08,0.35,0.00,,,2009-08,0.35,0.00,,,2009-08,152.83M,,2009-08,AOR,Restated
2009-05,878.68M,878.68M,544.33M,334.35M,253.68M,,12.03M,0.329M,-11.70M,,253.68M,80.67M,0.329M,12.03M,-11.70M,,-11.70M,9.876M,5.804M,4.072M,,,4.072M,4.072M,61.36M,,2009-05,0.03,0.00,,,2009-05,0.03,0.00,,,2009-05,153.40M,,2009-05,AOR,Restated
2009-02,908.64M,908.64M,532.20M,376.44M,257.13M,,12.41M,0.54M,-11.87M,,257.13M,119.31M,0.54M,12.41M,-11.87M,,-11.87M,107.44M,35.63M,71.81M,,,71.81M,71.81M,159.60M,,2009-02,0.47,0.00,,,2009-02,0.47,0.00,,,2009-02,152.99M,,2009-02,,Restated
2008-11,985.18M,985.18M,570.18M,415.00M,284.61M,,12.77M,0.83M,-11.94M,,284.61M,130.39M,0.83M,12.77M,-11.94M,,-11.94M,118.45M,46.62M,71.84M,,,71.84M,71.84M,170.55M,,2008-11,0.47,0.00,,,2008-11,0.47,0.00,,,2008-11,152.79M,,2008-11,,Restated
2008-08,1.002B,1.002B,577.10M,425.08M,287.30M,,13.03M,1.065M,-11.97M,,287.30M,137.79M,1.065M,13.03M,-11.97M,,-11.97M,125.82M,47.19M,78.64M,,,78.64M,78.64M,177.89M,,2008-08,0.51,0.00,,,2008-08,0.51,0.00,,,2008-08,153.39M,,2008-08,,Restated
2008-05,1.009B,1.009B,576.52M,432.44M,279.12M,,,,,,279.12M,153.32M,,,,,,141.25M,51.59M,89.66M,,,89.66M,89.66M,208.85M,,2008-05,0.58,0.00,,,2008-05,0.58,0.00,,,2008-05,153.14M,,2008-05,,Restated
2008-02,975.95M,975.95M,564.73M,411.22M,273.19M,,,,,,273.19M,138.03M,,,,,,125.92M,44.09M,81.83M,,,81.83M,81.83M,186.87M,,2008-02,0.53,0.00,,,2008-02,0.53,0.00,,,2008-02,153.88M,,2008-02,,
2007-11,983.86M,983.86M,563.30M,420.57M,275.12M,,,,,,275.12M,145.44M,,,,,,134.25M,51.39M,82.85M,,,82.85M,82.85M,192.83M,,2007-11,0.53,0.00,,,2007-11,0.53,0.00,,,2007-11,156.56M,,2007-11,,
2007-08,969.13M,969.13M,551.76M,417.37M,276.71M,,,,,,276.71M,140.66M,,,,,,129.29M,48.22M,81.06M,,,81.06M,81.06M,186.88M,,2007-08,0.51,0.00,,,2007-08,0.51,0.00,,,2007-08,158.95M,,2007-08,,
2007-05,964.08M,964.08M,550.10M,413.97M,258.07M,,,,,,258.07M,155.90M,,,,,,144.07M,53.74M,90.32M,,,90.32M,90.32M,201.78M,,2007-05,0.57,0.00,,,2007-05,0.57,0.00,,,2007-05,158.26M,,2007-05,,
2007-02,905.40M,905.40M,519.57M,385.83M,253.13M,,,,,,253.13M,132.70M,,,,,,122.45M,45.73M,76.73M,,,76.73M,76.73M,177.00M,,2007-02,0.48,0.00,,,2007-02,0.48,0.00,,,2007-02,159.85M,,2007-02,,
2006-11,923.27M,923.27M,532.19M,391.07M,248.63M,,,,,,248.63M,142.44M,,,,,,131.58M,49.06M,82.53M,,,82.53M,82.53M,185.43M,,2006-11,0.51,0.00,,,2006-11,0.51,0.00,,,2006-11,161.82M,,2006-11,,
2006-08,914.16M,914.16M,523.68M,390.48M,244.13M,,,,,,244.13M,146.35M,,,,,,135.45M,50.48M,84.96M,,,84.96M,84.96M,189.12M,,2006-08,0.53,0.00,,,2006-08,0.53,0.00,,,2006-08,160.31M,,2006-08,,
2006-05,907.93M,907.93M,512.05M,395.87M,241.74M,,,,,,241.74M,154.14M,,,,,,146.21M,54.69M,91.53M,,,91.53M,91.53M,196.65M,,2006-05,0.55,0.00,,,2006-05,0.55,0.00,,,2006-05,166.19M,,2006-05,,
2006-02,836.42M,836.42M,483.45M,352.97M,224.42M,,,,,,224.42M,128.55M,,,,,,123.24M,46.64M,76.59M,,,76.59M,76.59M,169.03M,,2006-02,0.46,0.00,,,2006-02,0.45,0.00,,,2006-02,166.51M,,2006-02,,
2005-11,835.78M,835.78M,485.32M,350.46M,221.04M,,,,,,221.04M,129.42M,,,,,,123.26M,46.43M,76.84M,,,76.84M,76.84M,168.72M,,2005-11,0.46,0.00,,,2005-11,0.46,0.00,,,2005-11,167.04M,,2005-11,,
2005-08,823.48M,823.48M,467.99M,355.49M,223.44M,,,,,,223.44M,132.05M,,,,,,126.42M,46.88M,79.54M,,,79.54M,79.54M,170.40M,,2005-08,0.46,0.00,,,2005-08,0.46,0.00,,,2005-08,172.90M,,2005-08,,
2005-05,809.25M,809.25M,460.73M,348.51M,221.05M,,,,,,221.05M,127.46M,,,,,,123.69M,48.70M,74.99M,,,74.99M,74.99M,165.45M,,2005-05,0.43,0.00,,,2005-05,0.43,0.00,,,2005-05,174.43M,,2005-05,,
2005-02,755.24M,755.24M,433.79M,321.45M,203.91M,,,,,,203.91M,117.54M,,,,,,113.19M,41.86M,71.33M,,,71.33M,71.33M,154.66M,,2005-02,0.42,0.00,,,2005-02,0.41,0.00,,,2005-02,169.84M,,2005-02,,
2004-11,756.84M,756.84M,440.88M,315.96M,194.43M,,,,,,194.43M,121.52M,,,,,,116.82M,43.26M,73.56M,,,73.56M,73.56M,158.16M,,2004-11,0.43,0.00,,,2004-11,0.43,0.00,,,2004-11,171.07M,,2004-11,,
2004-08,745.96M,745.96M,427.12M,318.84M,198.81M,,,,,,198.81M,120.03M,,,,,,115.32M,42.65M,72.67M,,,72.67M,72.67M,156.46M,,2004-08,0.42,0.00,,,2004-08,0.42,0.00,,,2004-08,173.01M,,2004-08,,
2004-05,738.15M,738.15M,428.26M,309.90M,189.52M,0.00,,,,,189.52M,120.38M,,,,0.00,,115.46M,42.73M,72.73M,,,72.73M,72.73M,156.44M,,2004-05,0.38,0.00,,,2004-05,0.38,0.00,,,2004-05,190.99M,,2004-05,,
2004-02,696.94M,696.94M,401.23M,295.71M,185.02M,,,,,,185.02M,110.69M,,,,,,105.54M,39.05M,66.49M,,,66.49M,66.49M,146.55M,,2004-02,0.39,0.00,,,2004-02,0.39,0.00,,,2004-02,170.49M,,2004-02,,
2003-11,701.31M,701.31M,407.87M,293.44M,176.95M,,,,,,176.95M,116.48M,,,,,,110.58M,40.92M,69.66M,,,69.66M,69.66M,152.38M,,2003-11,0.41,0.00,,,2003-11,0.40,0.00,,,2003-11,169.90M,,2003-11,,
2003-08,677.66M,677.66M,390.21M,287.45M,176.13M,-4.343M,,,,,176.13M,111.32M,,,,-4.343M,,100.51M,37.18M,63.33M,,,63.33M,66.06M,146.75M,,2003-08,0.37,0.00,,,2003-08,0.37,0.00,,,2003-08,171.15M,,2003-08,,
2003-05,676.14M,676.14M,397.19M,278.96M,168.57M,,,,,,168.57M,110.39M,,,,,,103.67M,38.46M,65.21M,,,65.21M,65.21M,144.46M,,2003-05,0.38,0.00,,,2003-05,0.38,0.00,,,2003-05,171.66M,,2003-05,,
2003-02,663.76M,663.76M,389.34M,274.42M,174.19M,,,,,,174.19M,100.22M,,,,,,93.62M,34.56M,59.06M,,,59.06M,59.06M,135.91M,,2003-02,0.35,0.00,,,2003-02,0.34,0.00,,,2003-02,168.73M,,2003-02,,
2002-11,680.96M,680.96M,397.14M,283.82M,175.85M,,,,,,175.85M,107.98M,,,,,,100.58M,37.24M,63.34M,,,63.34M,63.34M,143.22M,,2002-11,0.37,0.00,,,2002-11,0.37,0.00,,,2002-11,171.19M,,2002-11,,
2002-08,665.73M,665.73M,383.71M,282.01M,176.83M,,,,,,176.83M,105.18M,,,,,,97.90M,36.25M,61.65M,,,61.65M,61.65M,143.25M,,2002-08,0.36,0.00,,,2002-08,0.36,0.00,,,2002-08,171.24M,,2002-08,,
2002-05,603.81M,603.81M,348.26M,255.56M,152.80M,,,,,,152.80M,102.75M,,,,,,351.57M,37.42M,64.14M,,,64.14M,64.14M,133.42M,,2002-05,0.38,0.00,,,2002-05,0.37,0.00,,,2002-05,168.66M,,2002-05,,
2002-02,545.49M,545.49M,316.15M,229.34M,140.26M,,,,,,140.26M,89.08M,,,,,,88.22M,32.63M,55.58M,,,55.58M,55.58M,119.40M,,2002-02,0.33,0.00,,,2002-02,0.32,0.00,,,2002-02,168.44M,,2002-02,,
2001-11,557.15M,557.15M,321.95M,235.20M,141.66M,,,,,,141.66M,93.54M,,,,,,92.10M,34.12M,57.98M,,,57.98M,57.98M,123.16M,,2001-11,0.34,0.00,,,2001-11,0.34,0.00,,,2001-11,169.73M,,2001-11,,
2001-08,564.60M,564.60M,327.32M,237.28M,145.74M,,,,,,145.74M,91.53M,,,,,,89.70M,33.16M,56.54M,,,56.54M,56.54M,120.94M,,2001-08,0.33,0.00,,,2001-08,0.33,0.00,,,2001-08,171.33M,,2001-08,,
2001-05,562.97M,562.97M,410.20M,152.76M,136.15M,,,,,,53.20M,99.56M,,,,,,96.51M,36.35M,60.16M,,,60.16M,60.16M,128.70M,,2001-05,0.36,0.00,,,2001-05,0.35,0.00,,,2001-05,166.93M,,2001-05,,
2001-02,536.72M,536.72M,288.20M,248.53M,129.35M,,,,,,157.96M,90.57M,,,,,,87.74M,32.83M,54.91M,,,54.91M,54.91M,119.18M,,2001-02,0.32,0.00,,,2001-02,0.32,0.00,,,2001-02,171.59M,,2001-02,,
2000-11,539.05M,539.05M,288.95M,250.10M,129.92M,,,,,,156.64M,93.46M,,,,,,90.70M,34.17M,56.53M,,,56.53M,56.53M,120.18M,,2000-11,0.34,0.00,,,2000-11,0.33,0.00,,,2000-11,166.27M,,2000-11,,
2000-08,521.96M,521.96M,277.08M,244.88M,132.94M,,,,,,160.55M,84.33M,,,,,,81.50M,30.65M,50.85M,,,50.85M,50.85M,111.94M,,2000-08,0.30,0.00,,,2000-08,0.30,0.00,,,2000-08,169.50M,,2000-08,,
2000-05,504.84M,504.84M,268.51M,236.33M,122.37M,,,,,,148.18M,88.15M,,,,,,84.69M,31.87M,52.82M,,,52.82M,52.82M,113.96M,,2000-05,0.32,0.00,,,2000-05,0.31,0.00,,,2000-05,164.84M,,2000-05,,
2000-02,473.93M,473.93M,255.25M,218.68M,112.70M,,,,,,136.80M,81.87M,,,,,,79.14M,30.07M,49.06M,,,49.06M,49.06M,105.98M,,2000-02,0.29,0.00,,,2000-02,0.29,0.00,,,2000-02,169.18M,,2000-02,,
1999-11,465.80M,465.80M,249.50M,216.30M,109.30M,1.10M,,,,,135.40M,80.90M,,,,1.10M,,78.00M,29.70M,48.30M,,,48.30M,47.62M,107.00M,,1999-11,0.29,0.00,,,1999-11,0.29,0.00,,,1999-11,166.55M,,1999-11,,
1999-08,457.40M,457.40M,249.60M,207.80M,111.40M,,,,,,134.90M,72.90M,,,,,,70.00M,26.80M,43.20M,,,43.20M,43.20M,96.40M,,1999-08,0.26,0.00,,,1999-08,0.25,0.00,,,1999-08,166.15M,,1999-08,,
1999-05,455.00M,455.00M,263.00M,192.00M,87.12M,,,,,,113.02M,78.98M,,,,,,30.60M,11.00M,19.60M,,,19.60M,19.60M,104.88M,,1999-05,0.12,0.00,,,1999-05,0.12,0.00,,,1999-05,164.35M,,1999-05,,
1999-02,433.70M,433.70M,224.70M,209.00M,111.90M,,,,,,144.20M,64.80M,,,,,,62.10M,23.50M,38.60M,,,38.60M,38.60M,97.10M,,1999-02,0.23,0.00,,,1999-02,0.22,0.00,,,1999-02,167.83M,,1999-02,,
1998-11,436.50M,436.50M,247.70M,188.80M,99.20M,1.20M,,,,,113.50M,75.30M,,,,1.20M,,72.00M,27.60M,44.40M,,,44.40M,43.66M,94.50M,,1998-11,0.27,0.00,,,1998-11,0.26,0.00,,,1998-11,164.44M,,1998-11,,
1998-08,426.40M,426.40M,236.20M,190.20M,105.30M,,,,,,127.80M,62.40M,,,,,,59.30M,23.00M,36.30M,,,36.30M,36.30M,84.90M,,1998-08,0.22,0.00,,,1998-08,0.22,0.00,,,1998-08,165.00M,,1998-08,,
