,OperatingRevenue,Revenue,CostofGoodsSold,GrossProfit,SalesandMarketingExpense,GeneralandAdministrativeExpense,SG&AExpense,IncomeStatementDepreciation,AmortizationExpense,SpecialIncomeandCharges,OperatingInterestExpense,OperatingInterestIncome,NetOperatingInterestIncome,OtherOperatingExpenses,TotalOperatingExpenses,OperatingIncome,Non-OperatingInterestIncome,Non-OperatingInterestExpense,NetNon-OperatingInterestIncomeExpense,OtherIncomeandExpenses,NetInterestIncome,Pre-TaxIncome,ProvisionforIncomeTaxes,IncomefromContinuingOperations,IncomefromDiscontinuedOperations,PreferredStockDividend,NetIncome,NormalizedIncome,EBITDA,ReconciledDepreciation,BasicEPS(Quarterly),EPSBasicfromContinuingOperations,EPSBasicfromDiscontinuedOperations,EPSBasicfromExtraordinaries,NormalizedBasicEPS,DilutedEPS(Quarterly),EPSDilutedfromContinuingOperations,EPSDilutedfromDiscontinuedOperations,EPSDiluted,,SharesData(Quarterly),AverageBasicSharesOutstanding,AverageDilutedSharesOutstanding,,SECFilingLinks,AsOriginallyReported,Restated
2020-09,11.82B,12.04B,7.483B,4.556B,,,,,,-72.00M,946.00M,,-946.00M,,2.37B,2.186B,,946.00M,-946.00M,-131.00M,-946.00M,1.109B,177.00M,932.00M,,,814.00M,816.52M,4.425B,2.37B,2020-09,4.01,,,4.022,2020-09,3.90,,3.90,,2020-09,202.83M,208.72M,,2020-09,AOR,
2020-06,11.50B,11.70B,7.297B,4.399B,,,,,,-38.00M,957.00M,,-957.00M,,2.428B,1.971B,,957.00M,-957.00M,28.00M,-957.00M,1.042B,166.00M,876.00M,,,766.00M,744.14M,4.427B,2.428B,2020-06,3.72,,,3.614,2020-06,3.63,,3.63,,2020-06,205.78M,210.91M,,2020-06,AOR,
2020-03,11.53B,11.74B,7.432B,4.306B,,,,,,-34.00M,980.00M,,-980.00M,,2.497B,1.809B,,980.00M,-980.00M,-333.00M,-980.00M,496.00M,29.00M,467.00M,,,396.00M,727.42M,3.973B,2.497B,2020-03,1.91,,,3.505,2020-03,1.86,,1.86,,2020-03,207.83M,212.81M,,2020-03,AOR,
2019-12,12.39B,11.76B,7.309B,4.452B,,,,,,-57.00M,964.00M,,-964.00M,,2.461B,1.991B,,964.00M,-964.00M,-95.00M,-964.00M,932.00M,110.00M,822.00M,,,714.00M,709.59M,4.357B,2.461B,2019-12,3.36,,,3.339,2019-12,3.28,,3.28,,2019-12,212.57M,219.13M,,2019-12,AOR,
2019-09,11.24B,11.45B,7.435B,4.015B,,,,,,-14.00M,963.00M,,-963.00M,,2.415B,1.60B,,963.00M,-963.00M,-44.00M,-963.00M,593.00M,126.00M,467.00M,,,387.00M,424.80M,3.971B,2.415B,2019-09,1.77,,,1.943,2019-09,1.74,,1.74,,2019-09,218.50M,222.36M,,2019-09,AOR,Restated
2019-06,11.15B,11.35B,7.244B,4.103B,,,,,,-62.00M,945.00M,,-945.00M,,2.50B,1.603B,,945.00M,-945.00M,-188.00M,-945.00M,470.00M,84.00M,386.00M,,,314.00M,462.65M,3.915B,2.50B,2019-06,1.41,,,2.078,2019-06,1.39,,1.39,,2019-06,222.39M,225.94M,,2019-06,AOR,Restated
2019-03,10.98B,11.21B,7.236B,3.97B,,,,,,5.00M,925.00M,,-925.00M,,2.55B,1.42B,,925.00M,-925.00M,-59.00M,-925.00M,436.00M,119.00M,317.00M,,,253.00M,222.46M,3.911B,2.55B,2019-03,1.13,,,0.9941,2019-03,1.11,,1.11,,2019-03,224.63M,227.60M,,2019-03,AOR,Restated
2018-12,11.90B,11.23B,7.139B,4.092B,,,,,,-119.00M,910.00M,,-910.00M,,2.534B,1.558B,,910.00M,-910.00M,-286.00M,-910.00M,362.00M,2.00M,360.00M,,,296.00M,414.34M,3.806B,2.534B,2018-12,1.31,,,1.831,2018-12,1.29,,1.29,,2018-12,226.95M,230.07M,,2018-12,AOR,Restated
2018-09,10.66B,10.89B,7.012B,3.88B,,,,,,-18.00M,901.00M,,-901.00M,,2.482B,1.398B,,901.00M,-901.00M,196.00M,-901.00M,693.00M,109.00M,584.00M,,,493.00M,498.06M,4.076B,2.482B,2018-09,2.14,,,2.162,2018-09,2.11,,2.11,,2018-09,230.55M,233.61M,,2018-09,AOR,Restated
2018-06,10.63B,10.85B,6.873B,3.981B,,,,,,-29.00M,878.00M,,-878.00M,,2.592B,1.389B,,878.00M,-878.00M,-131.00M,-878.00M,380.00M,41.00M,339.00M,,,273.00M,365.78M,3.85B,2.592B,2018-06,1.17,,,1.566,2018-06,1.15,,1.15,,2018-06,234.24M,237.07M,,2018-06,AOR,Restated
2018-03,10.66B,10.66B,6.836B,3.821B,,,,,,-69.00M,851.00M,,-851.00M,,2.71B,1.111B,,851.00M,-851.00M,-9.00M,-851.00M,251.00M,28.00M,223.00M,,,168.00M,173.33M,3.812B,2.71B,2018-03,0.71,,,0.7324,2018-03,0.70,,0.70,,2018-03,237.76M,241.42M,,2018-03,AOR,Restated
2017-12,11.26B,10.60B,6.684B,3.918B,,,,,,23.00M,840.00M,,-840.00M,,2.742B,1.176B,,840.00M,-840.00M,95.00M,-840.00M,431.00M,-9.186B,9.617B,,,9.553B,9.489B,4.013B,2.742B,2017-12,39.66,,,39.39,2017-12,34.56,,34.56,,2017-12,240.66M,387.73M,,2017-12,AOR,Restated
2017-09,10.24B,10.46B,6.703B,3.755B,,,,,,-145.00M,788.00M,,-788.00M,,2.701B,1.054B,,788.00M,-788.00M,-148.00M,-788.00M,118.00M,26.00M,92.00M,,,48.00M,147.80M,3.607B,2.701B,2017-09,0.19,,,0.5830,2017-09,0.19,,0.19,,2017-09,253.92M,258.34M,,2017-09,AOR,Restated
2017-06,10.36B,10.36B,6.575B,3.782B,,,,,,-136.00M,749.00M,,-749.00M,,2.595B,1.187B,,749.00M,-749.00M,-195.00M,-749.00M,243.00M,48.00M,195.00M,,,139.00M,304.31M,3.587B,2.595B,2017-06,0.53,,,1.157,2017-06,0.52,,0.52,,2017-06,263.46M,267.31M,,2017-06,AOR,Restated
2017-03,10.16B,10.16B,6.579B,3.585B,,,,,,-128.00M,713.00M,,-713.00M,,2.55B,1.035B,,713.00M,-713.00M,-86.00M,-713.00M,236.00M,25.00M,211.00M,,,155.00M,235.47M,3.499B,2.55B,2017-03,0.58,,,0.8791,2017-03,0.57,,0.57,,2017-03,269.00M,273.20M,,2017-03,AOR,Restated
2016-12,10.28B,10.28B,6.498B,3.777B,,,,,,-210.00M,728.00M,,-728.00M,,2.495B,1.282B,,728.00M,-728.00M,225.00M,-728.00M,779.00M,210.00M,569.00M,,,454.00M,554.07M,4.002B,2.495B,2016-12,1.69,,,2.062,2016-12,1.67,,1.67,,2016-12,269.04M,313.79M,,2016-12,AOR,Restated
2016-09,10.04B,10.04B,6.482B,3.555B,,,,,,-207.00M,724.00M,,-724.00M,,2.437B,1.118B,,724.00M,-724.00M,-128.00M,-724.00M,266.00M,16.00M,250.00M,,,189.00M,316.82M,3.427B,2.437B,2016-09,0.70,,,1.171,2016-09,0.69,,0.69,,2016-09,271.26M,275.37M,,2016-09,AOR,Restated
2016-06,6.161B,6.161B,4.004B,2.157B,,,,,,-661.00M,593.00M,,-593.00M,,1.436B,721.00M,,593.00M,-593.00M,-193.00M,-593.00M,-65.00M,-3.179B,3.114B,,,3.067B,3.494B,1.964B,1.436B,2016-06,16.73,,,19.06,2016-06,15.17,,15.17,,2016-06,183.36M,205.21M,,2016-06,AOR,Restated
2016-03,2.53B,2.53B,1.671B,859.00M,,,,,,-18.00M,454.00M,,-454.00M,,539.00M,320.00M,,454.00M,-454.00M,-26.00M,-454.00M,-160.00M,28.00M,-188.00M,,,-188.00M,-174.20M,833.00M,539.00M,2016-03,-1.86,,,-1.724,2016-03,-1.86,,-1.86,,2016-03,101.55M,101.55M,,2016-03,AOR,Restated
2015-12,2.512B,2.512B,1.624B,888.00M,,,,,,-20.00M,435.00M,,-435.00M,,545.00M,343.00M,,435.00M,-435.00M,-18.00M,-435.00M,-110.00M,12.00M,-122.00M,,,-122.00M,-113.60M,870.00M,545.00M,2015-12,-1.205,,,-1.123,2015-12,-1.205,,-1.205,,2015-12,101.37M,101.37M,,2015-12,AOR,Restated
2015-09,2.45B,2.45B,1.62B,830.00M,,0.00,0.00,,,-19.00M,353.00M,,-353.00M,,538.00M,292.00M,,353.00M,-353.00M,-27.00M,-353.00M,-88.00M,-142.00M,54.00M,,,54.00M,68.40M,803.00M,538.00M,2015-09,0.54,,,0.6823,2015-09,0.53,,0.53,,2015-09,101.21M,102.48M,,2015-09,AOR,Restated
2015-06,2.43B,2.43B,1.601B,829.00M,,0.00,0.00,,,-160.00M,229.00M,,-229.00M,,528.00M,301.00M,,229.00M,-229.00M,-159.00M,-229.00M,-87.00M,35.00M,-122.00M,,,-122.00M,-26.60M,670.00M,528.00M,2015-06,-1.21,,,-0.2661,2015-06,-1.21,,-1.21,,2015-06,101.07M,101.07M,,2015-06,AOR,Restated
2015-03,2.362B,2.362B,1.581B,781.00M,,,,,,-18.00M,289.00M,,-289.00M,,514.00M,267.00M,,289.00M,-289.00M,-24.00M,-289.00M,-46.00M,35.00M,-81.00M,,,-81.00M,-66.60M,757.00M,514.00M,2015-03,-0.8073,,,-0.6647,2015-03,-0.8073,,-0.8073,,2015-03,100.96M,100.96M,,2015-03,AOR,Restated
2014-12,2.36B,2.36B,1.529B,831.00M,,,,,,-20.00M,273.00M,,-273.00M,,534.00M,297.00M,,273.00M,-273.00M,-24.00M,-273.00M,0.00,48.00M,-48.00M,,,-48.00M,-24.00M,807.00M,534.00M,2014-12,-0.4866,,,-0.2459,2014-12,-0.4866,,-0.4866,,2014-12,99.70M,99.70M,,2014-12,AOR,Restated
2014-09,2.287B,2.287B,1.518B,769.00M,,,,,,-16.00M,217.00M,,-217.00M,,535.00M,234.00M,,217.00M,-217.00M,-11.00M,-217.00M,6.00M,59.00M,-53.00M,,,-53.00M,-45.85M,758.00M,535.00M,2014-09,-0.5419,,,-0.4692,2014-09,-0.5419,,-0.5419,,2014-09,98.37M,98.37M,,2014-09,AOR,Restated
2014-06,2.259B,2.259B,1.479B,780.00M,,,,,,-16.00M,210.00M,,-210.00M,,528.00M,252.00M,,210.00M,-210.00M,-22.00M,-210.00M,20.00M,65.00M,-45.00M,,,-45.00M,-30.70M,758.00M,528.00M,2014-06,-0.4645,,,-0.3180,2014-06,-0.4645,,-0.4645,,2014-06,97.63M,97.63M,,2014-06,AOR,Restated
2014-03,2.202B,2.202B,1.447B,755.00M,,,,,,-10.00M,211.00M,,-211.00M,,505.00M,250.00M,,211.00M,-211.00M,-12.00M,-211.00M,27.00M,64.00M,-37.00M,,,-37.00M,-29.20M,743.00M,505.00M,2014-03,-0.3871,,,-0.3060,2014-03,-0.3871,,-0.3871,,2014-03,96.24M,96.24M,,2014-03,AOR,Restated
2013-12,2.148B,2.148B,1.395B,753.00M,,,,,,-9.00M,211.00M,,-211.00M,,500.00M,253.00M,,211.00M,-211.00M,-7.00M,-211.00M,35.00M,-4.00M,39.00M,,,39.00M,43.55M,746.00M,500.00M,2013-12,0.4203,,,0.4687,2013-12,0.3871,,0.3871,,2013-12,93.91M,93.91M,,2013-12,AOR,Restated
2013-09,2.118B,2.118B,1.397B,721.00M,,,,,,-19.00M,214.00M,,-214.00M,,493.00M,228.00M,,214.00M,-214.00M,-27.00M,-214.00M,-13.00M,57.00M,-70.00M,,,-70.00M,-52.45M,694.00M,493.00M,2013-09,-0.7520,,,-0.5635,2013-09,-0.7520,,-0.7520,,2013-09,93.06M,93.06M,,2013-09,AOR,Restated
2013-06,1.972B,1.972B,1.295B,677.00M,,,,,,-86.00M,211.00M,,-211.00M,,436.00M,241.00M,,211.00M,-211.00M,-68.00M,-211.00M,-38.00M,58.00M,-96.00M,,,-96.00M,-53.10M,609.00M,436.00M,2013-06,-1.062,,,-0.5901,2013-06,-1.062,,-1.062,,2013-06,90.96M,90.96M,,2013-06,AOR,Restated
2013-03,1.917B,1.917B,1.258B,659.00M,,,,,,-53.00M,210.00M,,-210.00M,,425.00M,234.00M,,210.00M,-210.00M,-57.00M,-210.00M,-33.00M,9.00M,-42.00M,,,-42.00M,-5.60M,602.00M,425.00M,2013-03,-0.4645,,,-0.0632,2013-03,-0.4645,,-0.4645,,2013-03,90.72M,90.72M,,2013-03,AOR,Restated
2012-12,1.913B,1.913B,1.228B,685.00M,,,,,,5.00M,216.00M,,-216.00M,,466.00M,219.00M,,216.00M,-216.00M,6.00M,-216.00M,9.00M,49.00M,-40.00M,,,-40.00M,-43.25M,691.00M,466.00M,2012-12,-0.4424,,,-0.4783,2012-12,-0.4424,,-0.4424,,2012-12,90.43M,90.43M,,2012-12,AOR,Restated
2012-09,1.88B,1.88B,1.242B,638.00M,,,,,,-3.00M,229.00M,,-229.00M,,424.00M,214.00M,,229.00M,-229.00M,-3.00M,-229.00M,-18.00M,69.00M,-87.00M,,,-87.00M,-85.05M,635.00M,424.00M,2012-09,-0.9622,,,-0.9405,2012-09,-0.9622,,-0.9622,,2012-09,90.14M,90.14M,,2012-09,AOR,Restated
2012-06,1.884B,1.884B,1.204B,680.00M,,,,,,-55.00M,225.00M,,-225.00M,,415.00M,265.00M,,225.00M,-225.00M,-55.00M,-225.00M,-15.00M,68.00M,-83.00M,,,-83.00M,-47.25M,625.00M,415.00M,2012-06,-0.9290,,,-0.5316,2012-06,-0.9290,,-0.9290,,2012-06,89.96M,89.96M,,2012-06,AOR,Restated
2012-03,1.827B,1.827B,1.186B,641.00M,,,,,,-18.00M,237.00M,,-237.00M,,408.00M,233.00M,,237.00M,-237.00M,-19.00M,-237.00M,-23.00M,71.00M,-94.00M,,,-94.00M,-82.30M,622.00M,408.00M,2012-03,-1.051,,,-0.9205,2012-03,-1.051,,-1.051,,2012-03,89.91M,89.91M,,2012-03,AOR,Restated
2011-12,1.834B,1.834B,2.22B,-386.00M,,,,,,-22.00M,,,-245.00M,,-658.00M,272.00M,,,-245.00M,-27.00M,-245.00M,0.00,67.00M,-67.00M,,,-67.00M,-45.00M,528.00M,411.00M,2011-12,-0.7189,,,-0.4870,2011-12,-0.7189,,-0.7189,,2011-12,94.88M,94.88M,,2011-12,AOR,Restated
2011-09,1.809B,1.809B,792.00M,1.017B,,,374.00M,,,-6.00M,,,-244.00M,1.00M,780.00M,237.00M,,,-244.00M,-6.00M,-244.00M,-13.00M,72.00M,-85.00M,,,-85.00M,-81.10M,642.00M,405.00M,2011-09,-0.8737,0.00,,-0.8339,2011-09,-0.8737,0.00,-0.8737,,2011-09,98.03M,98.03M,,2011-09,AOR,Restated
2011-06,1.791B,1.791B,784.00M,1.007B,,,343.00M,,,-2.00M,241.00M,,-241.00M,1.00M,737.00M,270.00M,,241.00M,-241.00M,-55.00M,-241.00M,-26.00M,81.00M,-107.00M,,,-107.00M,-71.25M,608.00M,393.00M,2011-06,-1.084,0.00,,-0.7220,2011-06,-1.084,0.00,-1.084,,2011-06,98.80M,98.80M,,2011-06,AOR,Restated
2011-03,1.77B,1.77B,768.00M,1.002B,,,345.00M,,,,233.00M,,-233.00M,5.00M,733.00M,269.00M,,233.00M,-233.00M,-67.00M,-233.00M,-31.00M,79.00M,-110.00M,,,-110.00M,-66.45M,585.00M,383.00M,2011-03,-1.073,0.00,,-0.6474,2011-03,-1.073,0.00,-1.073,,2011-03,102.38M,102.38M,,2011-03,AOR,Restated
2010-12,1.784B,1.784B,2.169B,-385.00M,,,,,,-88.00M,232.00M,,-232.00M,,-670.00M,285.00M,,232.00M,-232.00M,-54.00M,-232.00M,-1.00M,84.00M,-85.00M,,,-85.00M,-27.80M,621.00M,390.00M,2010-12,-0.8295,,,-0.2712,2010-12,-0.8295,,-0.8295,,2010-12,102.46M,102.46M,,2010-12,AOR,Restated
2010-09,1.769B,1.769B,788.00M,981.00M,,,356.00M,,,-1.00M,222.00M,,-222.00M,,741.00M,240.00M,,222.00M,-222.00M,-4.00M,-222.00M,14.00M,109.00M,-95.00M,,,-95.00M,-92.40M,621.00M,385.00M,2010-09,-0.9290,0.00,,-0.9036,2010-09,-0.9290,0.00,-0.9290,,2010-09,102.27M,102.27M,,2010-09,AOR,Restated
2010-06,1.771B,1.771B,773.00M,998.00M,,,357.00M,,,-38.00M,,,-219.00M,2.00M,739.00M,259.00M,,,-219.00M,-38.00M,-219.00M,2.00M,83.00M,-81.00M,,,-81.00M,-56.30M,639.00M,380.00M,2010-06,-0.7963,0.00,,-0.5548,2010-06,-0.7963,0.00,-0.7963,,2010-06,102.27M,102.27M,,2010-06,AOR,Restated
2010-03,1.735B,1.735B,756.00M,979.00M,,,347.00M,,,-4.00M,,,-204.00M,12.00M,728.00M,251.00M,,,-204.00M,-4.00M,-204.00M,43.00M,19.00M,24.00M,,,24.00M,26.60M,620.00M,369.00M,2010-03,0.2322,0.00,,0.2577,2010-03,0.2322,0.00,0.2322,,2010-03,102.19M,103.88M,,2010-03,AOR,Restated
2009-09,1.693B,1.693B,739.00M,954.00M,,,354.00M,,,-3.052B,,,-206.00M,10.00M,691.00M,263.00M,,,-206.00M,-3.052B,-206.00M,-2.995B,-565.00M,-2.43B,,,-1.035B,1.441B,590.00M,327.00M,2009-09,-3.019,0.00,,4.205,2009-09,-3.019,0.00,-3.019,,2009-09,342.75M,342.75M,,2009-09,AOR,Restated
2009-06,1.69B,1.69B,715.00M,975.00M,,,343.00M,,,-184.00M,,,-216.00M,2.00M,674.00M,301.00M,,,-216.00M,-184.00M,-216.00M,-99.00M,60.00M,-159.00M,,,-112.00M,7.60M,630.00M,329.00M,2009-06,-0.3318,0.00,,0.0172,2009-06,-0.3318,0.00,-0.3318,,2009-06,342.68M,342.68M,,2009-06,AOR,Restated
2009-03,1.662B,1.662B,713.00M,949.00M,,,344.00M,,,-144.00M,,,-463.00M,-50.00M,615.00M,334.00M,,,-463.00M,-144.00M,-463.00M,-273.00M,61.00M,-334.00M,,,-205.00M,-111.40M,655.00M,321.00M,2009-03,-0.5972,0.00,,-0.3234,2009-03,-0.5972,0.00,-0.5972,,2009-03,341.87M,341.87M,,2009-03,AOR,Restated
2008-12,1.656B,1.656B,703.00M,953.00M,,,342.00M,,,-1.591B,,,-486.00M,,620.00M,333.00M,,,-486.00M,,-486.00M,-1.774B,-277.00M,-1.497B,,,-1.496B,-153.43M,662.00M,329.00M,2008-12,-4.413,0.00,,-0.4842,2008-12,-4.413,0.00,-4.413,,2008-12,341.74M,341.74M,,2008-12,AOR,Restated
2008-09,1.636B,1.636B,710.00M,926.00M,,,371.00M,,,6.00M,,,-478.00M,15.00M,718.00M,208.00M,,,-478.00M,6.00M,-478.00M,-264.00M,57.00M,-321.00M,,,-322.00M,-325.90M,540.00M,332.00M,2008-09,-0.9511,0.00,,-0.9626,2008-09,-0.9511,0.00,-0.9511,,2008-09,338.30M,338.30M,,2008-09,,Restated
2008-06,1.623B,1.623B,698.00M,925.00M,,,342.00M,,,26.00M,,,-475.00M,25.00M,695.00M,230.00M,,,-475.00M,26.00M,-475.00M,-213.00M,59.00M,-272.00M,,,-274.00M,-290.90M,558.00M,328.00M,2008-06,-0.8184,0.00,,-0.8687,2008-06,-0.8184,0.00,-0.8184,,2008-06,336.05M,336.05M,,2008-06,,Restated
2008-03,1.564B,1.564B,681.00M,883.00M,,,346.00M,,,-38.00M,,,-466.00M,11.00M,678.00M,205.00M,,,-466.00M,-38.00M,-466.00M,-299.00M,58.00M,-357.00M,,,-359.00M,-334.30M,526.00M,321.00M,2008-03,-1.073,0.00,,-0.9990,2008-03,-1.073,0.00,-1.073,,2008-03,334.63M,334.63M,,2008-03,,Restated
2007-12,1.553B,1.553B,663.00M,890.00M,,,328.00M,,,-154.00M,,,,,588.00M,302.00M,,,,-102.00M,,-339.00M,40.00M,-379.00M,,,-386.00M,-285.90M,631.00M,329.00M,2007-12,-1.161,0.00,,-0.8620,2007-12,-1.161,0.00,-1.161,,2007-12,334.51M,334.51M,,2007-12,,Restated
2007-09,1.525B,1.525B,679.00M,846.00M,,,341.00M,,,-84.00M,,,,64.00M,739.00M,107.00M,,,,-84.00M,,-366.00M,41.00M,-407.00M,,,-407.00M,-352.40M,441.00M,334.00M,2007-09,-1.217,0.00,,-1.053,2007-09,-1.217,0.00,-1.217,,2007-09,333.87M,333.87M,,2007-09,,
2007-06,1.499B,1.499B,647.00M,852.00M,,,318.00M,,,-29.00M,,,,,652.00M,200.00M,,,,-29.00M,,-301.00M,59.00M,-360.00M,,,-360.00M,-341.15M,534.00M,334.00M,2007-06,-1.084,0.00,,-1.027,2007-06,-1.084,0.00,-1.084,,2007-06,332.37M,332.37M,,2007-06,,
2007-03,1.425B,1.425B,631.00M,794.00M,,,307.00M,,,-2.00M,,,,,638.00M,156.00M,,,,-2.00M,,-312.00M,69.00M,-381.00M,,,-381.00M,-379.70M,487.00M,331.00M,2007-03,-1.150,0.00,,-1.146,2007-03,-1.150,0.00,-1.150,,2007-03,331.05M,331.05M,,2007-03,,
2006-12,1.413B,1.413B,608.00M,805.00M,,,305.00M,,,-10.00M,,,,7.00M,642.00M,163.00M,,,,-10.00M,,-315.00M,63.00M,-378.00M,-18.00M,,-396.00M,-372.00M,493.00M,330.00M,2006-12,-1.117,-0.0885,,-1.099,2006-12,-1.117,-0.0885,-1.205,,2006-12,330.69M,330.69M,,2006-12,,
2006-09,1.388B,1.388B,615.00M,773.00M,,,309.00M,,,69.00M,,,,64.00M,707.00M,66.00M,,,,69.00M,,-269.00M,64.00M,-333.00M,200.00M,,-133.00M,-374.40M,400.00M,334.00M,2006-09,-1.128,0.6746,,-1.268,2006-09,-1.128,0.6746,-0.4534,,2006-09,295.59M,295.59M,,2006-09,,
2006-06,1.383B,1.383B,611.00M,772.00M,,,279.00M,,,-28.00M,,,,7.00M,626.00M,146.00M,,,,-28.00M,,-350.00M,52.00M,-402.00M,20.00M,,-382.00M,-385.20M,486.00M,340.00M,2006-06,-1.405,0.0774,,-1.346,2006-06,-1.405,0.0774,-1.327,,2006-06,287.22M,287.22M,,2006-06,,
2006-03,1.32B,1.32B,604.00M,716.00M,,,275.00M,,,-88.00M,,,,,625.00M,91.00M,,,,-88.00M,,-465.00M,8.00M,-473.00M,14.00M,,-459.00M,-420.20M,449.00M,358.00M,2006-03,-1.648,0.0442,,-1.464,2006-03,-1.648,0.0442,-1.604,,2006-03,287.01M,287.01M,,2006-03,,
2005-12,1.287B,1.287B,558.00M,729.00M,,,266.00M,,,28.00M,,,,4.00M,621.00M,108.00M,,,,28.00M,,-307.00M,32.00M,-339.00M,3.00M,0.00,-336.00M,-355.80M,473.00M,365.00M,2005-12,-1.194,0.0111,,-1.253,2005-12,-1.194,0.0111,-1.183,,2005-12,287.13M,287.13M,,2005-12,,
2005-09,1.265B,1.265B,564.00M,701.00M,,,263.00M,,,485.00M,,,,22.00M,647.00M,54.00M,,,,485.00M,,96.00M,24.00M,72.00M,4.00M,1.00M,76.00M,-291.75M,429.00M,375.00M,2005-09,0.2544,0.0111,,-1.018,2005-09,0.0885,0.0111,0.0995,,2005-09,285.92M,915.59M,,2005-09,,
2005-06,1.266B,1.266B,546.00M,720.00M,,,250.00M,,,11.00M,,,,6.00M,620.00M,100.00M,,,,11.00M,,-334.00M,25.00M,-359.00M,4.00M,1.00M,-355.00M,-365.60M,478.00M,378.00M,2005-06,-1.305,0.0111,,-1.329,2005-06,-1.305,0.0111,-1.294,,2005-06,274.53M,274.53M,,2005-06,,
2005-03,1.271B,1.271B,559.00M,712.00M,,,237.00M,,,-8.00M,,,,43.00M,661.00M,51.00M,,,,-8.00M,,-337.00M,15.00M,-352.00M,,1.00M,-352.00M,-347.20M,432.00M,381.00M,2005-03,-1.283,0.00,,-1.265,2005-03,-1.283,0.00,-1.283,,2005-03,274.25M,274.25M,,2005-03,,
2004-12,1.059B,1.059B,442.00M,617.00M,,,196.00M,,,152.00M,,,,-119.00M,405.00M,212.00M,,,,152.00M,,-198.00M,-18.00M,-204.00M,,1.00M,-339.00M,-342.18M,602.00M,390.00M,2004-12,-1.205,0.00,0.00,-1.710,2004-12,-1.205,0.00,-1.205,,2004-12,274.09M,274.09M,,2004-12,,
2004-09,1.248B,1.248B,525.00M,723.00M,,,260.00M,,,-2.444B,,,,2.436B,3.067B,-2.344B,,,,-2.444B,,-2.776B,-213.00M,-2.529B,,1.00M,-3.294B,-272.53M,-1.973B,371.00M,2004-09,-12.04,0.00,-0.0000,-3.797,2004-09,-12.04,0.00,-12.04,,2004-09,273.62M,273.62M,,2004-09,,
2004-06,1.239B,1.239B,515.00M,724.00M,,,256.00M,,,-60.00M,,,,89.00M,709.00M,15.00M,,,,-60.00M,,-372.00M,43.00M,-415.00M,,1.00M,-415.00M,-379.00M,379.00M,364.00M,2004-06,-1.537,0.00,,-1.405,2004-06,-1.537,0.00,-1.537,,2004-06,271.73M,271.73M,,2004-06,,
2004-03,1.214B,1.214B,512.00M,702.00M,,,239.00M,,,65.00M,,,,-82.00M,527.00M,175.00M,,,,65.00M,,-239.00M,54.00M,-293.00M,,1.00M,-293.00M,-332.00M,545.00M,370.00M,2004-03,-1.106,0.00,,-1.252,2004-03,-1.106,0.00,-1.106,,2004-03,266.83M,266.83M,,2004-03,,
2003-12,1.217B,1.217B,495.00M,722.00M,,,241.00M,,,87.00M,,,,-64.00M,512.00M,210.00M,,,,87.00M,,-81.00M,-24.00M,-57.00M,,1.00M,-57.00M,-118.22M,545.00M,335.00M,2003-12,-0.2212,0.00,,-0.4506,2003-12,-0.2212,0.00,-0.2212,,2003-12,266.81M,266.81M,,2003-12,,
2003-09,1.207B,1.207B,484.00M,723.00M,,,236.00M,,,285.00M,,,,8.00M,606.00M,117.00M,,,,285.00M,,9.00M,-28.00M,37.00M,,1.00M,37.00M,-134.00M,479.00M,362.00M,2003-09,0.1327,0.00,,-0.5093,2003-09,0.0774,0.00,0.0774,,2003-09,266.35M,576.72M,,2003-09,,
2003-06,1.217B,1.217B,488.00M,729.00M,,,232.00M,,,-20.00M,,,,8.00M,617.00M,112.00M,,,,-20.00M,,-135.00M,-98.00M,-37.00M,,1.00M,-37.00M,-25.00M,498.00M,386.00M,2003-06,-0.1438,0.00,,-0.0987,2003-06,-0.1438,0.00,-0.1438,,2003-06,266.26M,266.26M,,2003-06,,
2003-03,1.178B,1.178B,485.00M,693.00M,,,235.00M,,,1.00M,,,,2.00M,607.00M,86.00M,,,,1.00M,,-141.00M,40.00M,-181.00M,,1.00M,-181.00M,-181.60M,456.00M,370.00M,2003-03,-0.6857,0.00,,-0.6879,2003-03,-0.6857,0.00,-0.6857,,2003-03,266.26M,266.26M,,2003-03,,
2002-12,1.189B,1.189B,477.00M,712.00M,,,256.00M,,,-4.681B,,,,4.676B,5.307B,-4.595B,,,,-4.681B,,-2.32B,-448.00M,-1.872B,,0.00,-1.872B,1.905B,-4.22B,375.00M,2002-12,-7.034,0.00,0.00,7.143,2002-12,-7.034,,-7.034,,2002-12,266.43M,266.44M,,2002-12,,
2002-09,1.166B,1.166B,457.00M,709.00M,,,244.00M,,,-79.00M,,,,-215.00M,403.00M,306.00M,,,,-79.00M,,-172.00M,-6.00M,-166.00M,,1.00M,-166.00M,-89.76M,680.00M,81.86M,2002-09,-0.6304,0.00,,-0.3440,2002-09,-0.6304,0.00,-0.6304,,2002-09,266.25M,266.25M,,2002-09,,
2002-06,1.158B,1.158B,345.79M,812.63M,21.44M,290.82M,312.25M,,,-66.24M,,,,,804.42M,8.208M,,,,-66.24M,,,,-202.00M,,0.727M,-202.00M,-162.25M,661.34M,653.14M,2002-06,-0.7631,0.00,,-0.6138,2002-06,-0.7631,0.00,-0.7631,,2002-06,266.24M,266.24M,,2002-06,,
2002-03,1.074B,1.074B,426.00M,648.00M,,,224.00M,,,-176.00M,,,,1.00M,551.00M,97.00M,,,,-176.00M,,-110.00M,,-317.00M,,1.00M,-317.00M,-141.00M,423.00M,326.00M,2002-03,-1.194,0.00,,-0.5332,2002-03,-1.194,0.00,-1.194,,2002-03,266.19M,266.19M,,2002-03,,
2001-12,960.88M,960.88M,-39.86M,1.001B,,,830.47M,,,34.82M,,,,,1.320B,-319.44M,,,,34.82M,,,,-285.01M,,0.757M,-295.01M,-305.90M,170.28M,489.72M,2001-12,-1.095,0.00,,-1.173,2001-12,-1.095,,-1.095,,2001-12,266.43M,270.81M,,2001-12,,
2001-09,1.044B,1.044B,561.29M,482.56M,,,-42.07M,,,-88.92M,,,,,733.37M,-250.81M,,,,-88.92M,,,,-317.43M,,0.243M,-317.43M,-264.08M,524.62M,775.44M,2001-09,-1.194,0.00,,-0.9939,2001-09,-1.194,0.00,-1.194,,2001-09,266.06M,266.06M,,2001-09,,
2001-06,928.48M,928.48M,486.43M,442.05M,,,18.84M,,,-23.99M,,,,,739.80M,-297.75M,,,,-23.99M,,,,-273.86M,,,-273.86M,-259.47M,423.20M,720.95M,2001-06,-1.183,0.00,,-1.121,2001-06,-1.183,0.00,-1.183,,2001-06,230.60M,230.60M,,2001-06,,
2001-03,873.80M,873.80M,472.15M,401.65M,,,19.76M,,,-59.92M,,,,,715.65M,-314.00M,,,,-59.92M,,-280.70M,,-280.70M,,,-280.70M,-220.78M,381.89M,695.90M,2001-03,-1.327,0.00,,-1.044,2001-03,-1.327,0.00,-1.327,,2001-03,211.38M,211.38M,,2001-03,,
2000-12,785.66M,785.66M,,,,-652.54M,-592.54M,,,27.52M,,,,,27.57M,-426.91M,,,,27.52M,,599.22M,,609.22M,,,-270.45M,-286.96M,233.98M,620.11M,2000-12,-1.294,0.00,,-1.372,2000-12,-1.294,0.00,-1.294,,2000-12,211.40M,211.40M,,2000-12,,
2000-09,838.96M,838.96M,,,,434.14M,434.14M,312.88M,315.22M,-17.51M,283.30M,0.624M,-282.68M,,1.062B,-223.28M,0.624M,283.30M,-282.68M,-17.51M,-282.68M,-523.46M,,-523.46M,,,-210.02M,-192.51M,387.94M,628.11M,2000-09,-1.029,0.00,,-0.9425,2000-09,-1.029,0.00,-1.029,,2000-09,203.41M,203.41M,,2000-09,AOR,
2000-06,794.78M,794.78M,,,,417.13M,417.13M,296.91M,306.78M,-17.64M,251.13M,0.675M,-250.45M,,1.021B,-226.04M,0.675M,251.13M,-250.45M,-17.64M,-250.45M,-494.14M,,-494.14M,,,-196.82M,-179.18M,360.68M,603.69M,2000-06,-0.9843,0.00,,-0.8964,2000-06,-0.9843,0.00,-0.9843,,2000-06,200.81M,200.81M,,2000-06,AOR,
2000-03,721.60M,721.60M,,,,387.27M,387.27M,252.88M,293.22M,-12.38M,230.91M,5.435M,-225.48M,,933.37M,-211.76M,5.435M,230.91M,-225.48M,-12.38M,-225.48M,-449.62M,,-449.62M,,,-180.71M,-168.34M,327.39M,546.10M,2000-03,-0.8958,0.00,,-0.8341,2000-03,-0.8958,0.00,-0.8958,,2000-03,200.66M,200.66M,,2000-03,AOR,
1999-12,583.02M,583.02M,,,,,27.76M,,,18.28M,,,,,331.66M,-94.95M,,,,18.28M,,323.06M,,322.06M,,,-66.10M,-77.07M,216.92M,303.91M,1999-12,-0.3297,,,-0.3844,1999-12,-0.3297,,-0.3297,,1999-12,200.51M,200.51M,,1999-12,AOR,
1999-09,376.19M,376.19M,,,,215.81M,215.81M,71.90M,119.54M,-10.25M,131.08M,8.241M,-122.84M,,407.25M,-31.06M,8.241M,131.08M,-122.84M,-10.25M,-122.84M,-164.15M,,-164.15M,,,-0.035M,10.22M,158.37M,191.44M,1999-09,,,,0.0510,1999-09,,,-0.0002,,1999-09,200.51M,200.51M,,1999-09,AOR,
1999-06,308.04M,308.04M,,,,179.79M,179.79M,55.19M,104.68M,-5.478M,112.24M,8.421M,-103.82M,,339.67M,-31.63M,8.421M,112.24M,-103.82M,-5.478M,-103.82M,-140.93M,,-140.93M,,,-0.057M,5.421M,131.19M,159.87M,1999-06,,,,0.0270,1999-06,,,-0.0003,,1999-06,200.51M,200.51M,,1999-06,AOR,
1999-03,160.96M,160.96M,,,,99.74M,99.74M,23.54M,66.54M,-10.55M,45.43M,1.664M,-43.76M,,189.82M,-28.86M,1.664M,45.43M,-43.76M,-10.55M,-43.76M,-83.18M,,-83.18M,,,-0.033M,10.52M,52.33M,90.08M,1999-03,,,,0.0524,1999-03,,,-0.0002,,1999-03,200.51M,200.51M,,1999-03,AOR,
