,OperatingRevenue,Revenue,CostofGoodsSold,GrossProfit,SG&AExpense,SpecialIncomeandCharges,OperatingInterestExpense,OperatingInterestIncome,NetOperatingInterestIncome,OtherOperatingExpenses,TotalOperatingExpenses,OperatingIncome,Non-OperatingInterestIncome,Non-OperatingInterestExpense,NetNon-OperatingInterestIncomeExpense,OtherIncomeandExpenses,NetInterestIncome,Pre-TaxIncome,ProvisionforIncomeTaxes,IncomefromContinuingOperations,IncomefromDiscontinuedOperations,"ExtraordinaryItems,IncomeStatement",IncomeAttributabletoMinorityInterest,NetIncome,NormalizedIncome,EBIT,,BasicEPS(Quarterly),EPSBasicfromContinuingOperations,EPSBasicfromDiscontinuedOperations,EPSBasic,,DilutedEPS(Quarterly),EPSDilutedfromContinuingOperations,EPSDilutedfromDiscontinuedOperations,EPSDiluted,,SharesData(Quarterly),DividendPerShare,,SECFilingLinks,AsOriginallyReported,Restated
2020-09,3.496B,3.496B,2.361B,1.135B,567.80M,,62.40M,1.90M,-60.50M,,567.80M,566.90M,1.90M,62.40M,-60.50M,-6.40M,-60.50M,500.00M,89.90M,410.10M,-5.50M,,-4.00M,400.60M,408.15M,562.40M,,2020-09,1.69,-0.02,1.67,,2020-09,1.67,-0.03,1.64,,2020-09,0.53,,2020-09,AOR,
2020-06,3.139B,3.139B,2.160B,978.30M,554.80M,,61.30M,1.80M,-59.50M,,554.80M,423.50M,1.80M,61.30M,-59.50M,-2.20M,-59.50M,361.80M,83.50M,278.30M,-36.20M,,-3.30M,238.80M,276.38M,423.10M,,2020-06,1.15,-0.15,1.00,,2020-06,1.14,-0.15,0.99,,2020-06,0.53,,2020-06,AOR,
2020-03,2.641B,2.641B,1.899B,742.50M,588.10M,,63.20M,,-63.20M,,588.10M,154.40M,,63.20M,-63.20M,12.60M,-63.20M,103.80M,51.00M,52.80M,-78.70M,,-3.30M,-29.20M,52.57M,167.00M,,2020-03,0.21,-0.33,-0.12,,2020-03,0.21,-0.33,-0.12,,2020-03,0.53,,2020-03,AOR,
2019-12,6.707B,6.707B,4.633B,2.074B,1.396B,,63.60M,2.70M,-60.90M,,1.396B,677.70M,2.70M,63.60M,-60.90M,-14.00M,-60.90M,602.80M,161.10M,441.70M,-140.60M,,-5.00M,296.10M,438.82M,666.40M,,2019-12,1.142,0.1003,1.243,,2019-12,1.12,0.10,1.22,,2019-12,0.53,,2019-12,AOR,
2019-09,3.471B,3.471B,2.367B,1.104B,567.80M,,65.00M,,-65.00M,,567.80M,536.50M,,65.00M,-65.00M,-4.70M,-65.00M,466.80M,80.50M,386.30M,77.10M,,-4.60M,458.80M,385.01M,531.80M,,2019-09,1.58,0.32,1.90,,2019-09,1.57,0.31,1.88,,2019-09,0.53,,2019-09,AOR,Restated
2019-06,3.618B,3.618B,2.463B,1.155B,587.90M,,64.50M,2.60M,-61.90M,,587.90M,566.90M,2.60M,64.50M,-61.90M,-0.50M,-61.90M,504.50M,91.90M,412.60M,47.70M,,-4.20M,456.10M,409.30M,569.00M,,2019-06,1.69,0.19,1.88,,2019-06,1.67,0.19,1.86,,2019-06,0.53,,2019-06,AOR,Restated
2019-03,2.804B,2.804B,1.989B,814.50M,578.00M,,52.10M,,-52.10M,,578.00M,236.50M,,52.10M,-52.10M,-16.90M,-52.10M,167.50M,20.20M,147.30M,56.40M,,-3.80M,199.90M,147.28M,219.60M,,2019-03,0.59,0.23,0.82,,2019-03,0.59,0.23,0.82,,2019-03,0.53,,2019-03,AOR,Restated
2018-12,3.895B,3.895B,2.745B,1.150B,703.40M,,49.00M,0.10M,-48.90M,,703.40M,446.70M,0.10M,49.00M,-48.90M,-20.50M,-48.90M,377.30M,121.40M,255.90M,5.50M,,-7.40M,254.00M,250.81M,426.30M,,2018-12,1.028,0.0223,1.050,,2018-12,1.00,0.0223,1.03,,2018-12,0.53,,2018-12,AOR,Restated
2018-09,4.031B,4.031B,2.718B,1.313B,725.60M,,48.50M,0.10M,-48.40M,,725.60M,587.00M,0.10M,48.50M,-48.40M,-8.60M,-48.40M,530.00M,-1.10M,531.10M,-11.70M,,-4.30M,515.10M,530.52M,578.50M,,2018-09,2.14,-0.05,2.09,,2018-09,2.11,-0.05,2.06,,2018-09,0.53,,2018-09,AOR,Restated
2018-06,4.358B,4.358B,2.964B,1.394B,753.30M,,50.30M,2.60M,-47.70M,,753.30M,640.30M,2.60M,50.30M,-47.70M,-6.10M,-47.70M,586.50M,128.00M,458.50M,-5.90M,,-4.50M,448.10M,455.41M,636.80M,,2018-06,1.83,-0.02,1.81,,2018-06,1.82,-0.03,1.79,,2018-06,0.45,,2018-06,AOR,Restated
2018-03,3.384B,3.384B,2.420B,964.30M,720.90M,,72.90M,3.60M,-69.30M,,720.90M,243.40M,3.60M,72.90M,-69.30M,-7.60M,-69.30M,166.50M,33.00M,133.50M,-9.40M,,-3.70M,120.40M,135.65M,239.40M,,2018-03,0.52,-0.04,0.48,,2018-03,0.51,-0.04,0.48,,2018-03,0.45,,2018-03,AOR,Restated
2017-12,3.618B,3.618B,2.542B,1.076B,689.00M,,53.80M,2.70M,-51.10M,,689.00M,386.60M,2.70M,53.80M,-51.10M,-10.50M,-51.10M,325.00M,-163.00M,488.00M,-30.90M,,2.80M,459.90M,493.98M,378.80M,,2017-12,1.967,-0.1235,1.843,,2017-12,1.93,-0.1235,1.81,,2017-12,0.45,,2017-12,AOR,Restated
2017-09,3.670B,3.670B,2.490B,1.181B,674.50M,,53.90M,2.30M,-51.60M,,674.50M,506.10M,2.30M,53.90M,-51.60M,-9.90M,-51.60M,444.60M,76.40M,368.20M,3.70M,,-4.90M,367.00M,364.96M,498.50M,,2017-09,1.43,0.02,1.45,,2017-09,1.41,0.02,1.43,,2017-09,0.45,,2017-09,AOR,Restated
2017-06,3.908B,3.908B,2.653B,1.255B,697.70M,,54.10M,1.30M,-52.80M,,697.70M,557.60M,1.30M,54.10M,-52.80M,-12.80M,-52.80M,492.00M,138.10M,353.90M,8.30M,,-3.60M,358.60M,352.75M,546.10M,,2017-06,1.37,0.03,1.40,,2017-06,1.35,0.03,1.38,,2017-06,0.40,,2017-06,AOR,Restated
2017-03,3.001B,3.001B,2.126B,874.50M,659.50M,,54.00M,3.10M,-50.90M,,659.50M,215.00M,3.10M,54.00M,-50.90M,-7.80M,-50.90M,156.30M,28.70M,127.60M,-6.50M,,-4.00M,117.10M,122.05M,210.30M,,2017-03,0.48,-0.03,0.45,,2017-03,0.47,-0.03,0.45,,2017-03,0.40,,2017-03,AOR,Restated
2016-12,3.359B,3.359B,2.347B,1.012B,658.70M,0.00,53.80M,2.60M,-51.20M,,658.70M,352.80M,2.60M,53.80M,-51.20M,-33.50M,-51.20M,268.10M,63.90M,204.20M,-1.40M,,-4.00M,198.80M,206.45M,321.90M,,2016-12,0.7730,-0.0054,0.7675,,2016-12,0.76,-0.01,0.75,,2016-12,0.40,,2016-12,AOR,Restated
2016-09,3.568B,3.568B,2.413B,1.155B,643.20M,0.00,54.50M,0.80M,-53.70M,,643.20M,511.70M,0.80M,54.50M,-53.70M,-7.10M,-53.70M,450.90M,83.20M,367.70M,14.20M,,-4.50M,377.40M,365.73M,505.40M,,2016-09,1.40,0.05,1.45,,2016-09,1.39,0.05,1.44,,2016-09,0.32,,2016-09,AOR,Restated
2016-06,3.688B,3.688B,2.506B,1.182B,668.40M,397.80M,56.50M,2.60M,-53.90M,,668.40M,513.30M,2.60M,56.50M,-53.90M,392.30M,-53.90M,851.70M,92.50M,759.20M,-6.80M,,-4.80M,747.60M,396.57M,908.20M,,2016-06,2.91,-0.03,2.88,,2016-06,2.88,-0.03,2.86,,2016-06,0.32,,2016-06,AOR,Restated
2016-03,2.894B,2.894B,2.041B,852.90M,627.50M,,56.70M,2.00M,-54.70M,,627.50M,225.40M,2.00M,56.70M,-54.70M,-0.10M,-54.70M,170.60M,41.90M,128.70M,26.90M,,-3.20M,152.40M,121.35M,227.30M,,2016-03,0.48,0.10,0.58,,2016-03,0.48,0.10,0.58,,2016-03,0.32,,2016-03,AOR,Restated
2015-12,3.326B,3.326B,2.317B,1.009B,616.00M,0.00,56.30M,2.80M,-53.50M,,616.00M,393.00M,2.80M,56.30M,-53.50M,-6.00M,-53.50M,308.10M,68.70M,239.40M,-0.90M,,-5.00M,233.50M,240.54M,364.40M,,2015-12,0.8972,-0.0034,0.8938,,2015-12,0.88,-0.0034,0.88,,2015-12,0.29,,2015-12,AOR,Restated
2015-09,3.487B,3.487B,2.379B,1.108B,632.10M,0.00,55.80M,2.50M,-53.30M,,632.10M,475.40M,2.50M,55.80M,-53.30M,9.70M,-53.30M,431.80M,113.80M,318.00M,-12.00M,,-5.10M,300.90M,309.88M,487.60M,,2015-09,1.18,-0.05,1.13,,2015-09,1.17,-0.05,1.12,,2015-09,0.29,,2015-09,AOR,Restated
2015-06,3.600B,3.600B,2.494B,1.106B,653.50M,0.00,55.80M,2.40M,-53.40M,,653.50M,452.20M,2.40M,55.80M,-53.40M,19.60M,-53.40M,418.40M,331.40M,87.00M,-4.10M,,-4.00M,78.90M,83.06M,474.20M,,2015-06,0.31,-0.02,0.29,,2015-06,0.31,-0.02,0.29,,2015-06,0.29,,2015-06,AOR,Restated
2015-03,2.888B,2.888B,2.087B,801.10M,630.00M,,55.10M,2.90M,-52.20M,,630.00M,171.10M,2.90M,55.10M,-52.20M,-29.30M,-52.20M,89.60M,26.90M,62.70M,-7.30M,,-4.10M,51.30M,81.28M,144.70M,,2015-03,0.22,-0.03,0.19,,2015-03,0.22,-0.03,0.19,,2015-03,0.29,,2015-03,AOR,Restated
2014-12,3.240B,3.240B,2.261B,979.40M,633.10M,,68.00M,3.80M,-64.20M,,633.10M,346.30M,3.80M,68.00M,-64.20M,6.00M,-64.20M,288.10M,71.20M,216.90M,43.30M,,-4.70M,255.50M,210.47M,356.10M,,2014-12,0.8072,0.1647,0.9719,,2014-12,0.79,0.16,0.95,,2014-12,0.25,,2014-12,AOR,Restated
2014-09,3.385B,3.385B,2.327B,1.058B,618.00M,,52.30M,3.00M,-49.30M,,618.00M,440.00M,3.00M,52.30M,-49.30M,6.60M,-49.30M,397.30M,94.10M,303.20M,-7.00M,,-4.90M,291.30M,299.06M,449.60M,,2014-09,1.11,-0.02,1.09,,2014-09,1.10,-0.03,1.07,,2014-09,0.25,,2014-09,AOR,Restated
2014-06,3.543B,3.543B,2.440B,1.103B,639.70M,,53.00M,3.60M,-49.40M,,639.70M,463.30M,3.60M,53.00M,-49.40M,5.00M,-49.40M,418.90M,103.70M,315.20M,-4.60M,,-4.60M,306.00M,308.49M,471.90M,,2014-06,1.15,-0.02,1.13,,2014-06,1.13,-0.02,1.12,,2014-06,0.25,,2014-06,AOR,Restated
2014-03,2.723B,2.723B,1.955B,768.10M,613.10M,,52.00M,2.80M,-49.20M,,613.10M,155.00M,2.80M,52.00M,-49.20M,-0.60M,-49.20M,105.20M,24.50M,80.70M,2.90M,,-4.60M,79.00M,79.32M,157.20M,,2014-03,0.27,0.01,0.28,,2014-03,0.27,0.01,0.28,,2014-03,0.25,,2014-03,AOR,Restated
2013-12,3.099B,3.099B,2.215B,884.20M,666.20M,,53.40M,3.30M,-50.10M,,666.20M,218.00M,3.30M,53.40M,-50.10M,-4.00M,-50.10M,163.90M,80.70M,83.20M,-29.40M,,-6.10M,47.70M,79.64M,217.30M,,2013-12,0.2727,-0.1044,0.1684,,2013-12,0.26,-0.1044,0.16,,2013-12,0.21,,2013-12,AOR,Restated
2013-09,3.214B,3.214B,2.218B,996.50M,617.00M,,102.80M,3.60M,-99.20M,,617.00M,379.50M,3.60M,102.80M,-99.20M,2.40M,-99.20M,282.70M,55.10M,227.60M,-46.70M,,-15.00M,165.90M,215.34M,385.50M,,2013-09,0.76,-0.19,0.57,,2013-09,0.75,-0.19,0.56,,2013-09,0.21,,2013-09,AOR,Restated
2013-06,3.398B,3.398B,2.378B,1.021B,633.40M,,61.90M,2.60M,-59.30M,,633.40M,387.50M,2.60M,61.90M,-59.30M,-5.00M,-59.30M,323.20M,48.70M,274.50M,50.20M,,-7.50M,317.20M,273.28M,385.10M,,2013-06,0.91,0.16,1.07,,2013-06,0.89,0.16,1.05,,2013-06,0.21,,2013-06,AOR,Restated
2013-03,2.639B,2.639B,1.913B,726.40M,606.40M,,60.60M,3.40M,-57.20M,,606.40M,120.00M,3.40M,60.60M,-57.20M,-2.90M,-57.20M,59.90M,4.50M,55.40M,39.20M,,-6.60M,88.00M,48.24M,120.50M,,2013-03,0.17,0.12,0.29,,2013-03,0.17,0.12,0.29,,2013-03,0.21,,2013-03,AOR,Restated
2012-12,1.424B,1.424B,1.186B,237.80M,299.10M,,59.90M,3.70M,-56.20M,,299.10M,-61.30M,3.70M,59.90M,-56.20M,-1.30M,-56.20M,-118.80M,-101.90M,-16.90M,258.70M,,-6.20M,235.60M,-25.90M,-58.90M,,2012-12,0.7940,0.0030,0.7971,,2012-12,0.77,0.0030,0.78,,2012-12,0.16,,2012-12,AOR,Restated
2012-09,3.593B,3.593B,2.454B,1.138B,690.60M,0.00,60.60M,4.00M,-56.60M,,690.60M,447.80M,4.00M,60.60M,-56.60M,13.40M,-56.60M,404.60M,65.30M,339.30M,-12.30M,,-5.40M,321.60M,334.99M,465.20M,,2012-09,1.09,-0.04,1.05,,2012-09,1.07,-0.04,1.03,,2012-09,0.16,,2012-09,AOR,Restated
2012-06,3.821B,3.821B,2.644B,1.177B,703.60M,4.20M,62.10M,3.90M,-58.20M,,703.60M,473.70M,3.90M,62.10M,-58.20M,4.40M,-58.20M,419.90M,54.80M,365.10M,7.80M,,-7.10M,365.80M,355.22M,482.00M,,2012-06,1.16,0.02,1.18,,2012-06,1.14,0.02,1.16,,2012-06,0.16,,2012-06,AOR,Restated
2012-03,3.151B,3.151B,2.249B,901.30M,689.60M,0.30M,69.40M,4.70M,-64.70M,,689.60M,211.70M,4.70M,69.40M,-64.70M,-4.60M,-64.70M,142.40M,38.00M,104.40M,-2.20M,,-6.60M,95.60M,98.90M,211.80M,,2012-03,0.33,-0.01,0.32,,2012-03,0.31,-0.01,0.31,,2012-03,0.16,,2012-03,AOR,Restated
2011-12,1.486B,1.486B,1.292B,193.20M,280.20M,-675.50M,68.80M,,-43.30M,,-371.40M,564.60M,,68.80M,-43.30M,-672.60M,-43.30M,-151.30M,-123.60M,-27.70M,275.80M,,-5.80M,242.30M,405.58M,-82.50M,,2011-12,-0.07,0.83,0.76,,2011-12,-0.07,0.80,0.72,,2011-12,0.12,,2011-12,AOR,Restated
2011-09,3.910B,3.910B,2.756B,1.154B,708.60M,21.30M,69.70M,,-69.70M,264.80M,973.40M,180.50M,,69.70M,-69.70M,21.30M,-69.70M,132.10M,28.40M,103.70M,-10.20M,,-7.30M,86.20M,79.68M,201.80M,,2011-09,0.29,-0.03,0.26,,2011-09,0.28,-0.03,0.25,,2011-09,0.12,,2011-09,AOR,Restated
2011-06,4.091B,4.091B,2.863B,1.228B,729.20M,-197.10M,71.70M,6.70M,-65.00M,,729.20M,499.20M,6.70M,71.70M,-65.00M,-204.80M,-65.00M,229.40M,99.80M,129.60M,-30.30M,,-7.00M,92.30M,255.72M,301.10M,,2011-06,0.37,-0.09,0.28,,2011-06,0.35,-0.09,0.26,,2011-06,0.12,,2011-06,AOR,Restated
2011-03,3.274B,3.274B,2.369B,905.20M,677.10M,4.90M,68.30M,,-68.30M,186.30M,863.40M,41.80M,,68.30M,-68.30M,4.90M,-68.30M,-21.60M,40.80M,-62.40M,-9.10M,,-6.10M,-77.60M,-71.68M,46.70M,,2011-03,-0.21,-0.02,-0.23,,2011-03,-0.21,-0.02,-0.23,,2011-03,0.07,,2011-03,AOR,Restated
2010-12,3.634B,3.634B,2.624B,1.010B,691.20M,-22.30M,70.90M,,-55.70M,,691.20M,318.70M,,70.90M,-55.70M,-5.00M,-55.70M,258.00M,38.70M,219.30M,0.20M,,-7.40M,212.10M,230.86M,328.90M,,2010-12,0.65,0.00,0.65,,2010-12,0.62,0.00,0.62,,2010-12,0.07,,2010-12,AOR,Restated
2010-09,3.730B,3.730B,2.644B,1.086B,675.80M,8.70M,70.20M,,-70.20M,,675.80M,410.70M,,70.20M,-70.20M,8.70M,-70.20M,349.20M,72.10M,277.10M,-39.50M,,-5.40M,232.20M,264.80M,419.40M,,2010-09,0.84,-0.12,0.72,,2010-09,0.80,-0.12,0.68,,2010-09,0.07,,2010-09,AOR,Restated
2010-06,3.482B,3.482B,2.473B,1.009B,645.60M,3.40M,71.10M,4.90M,-66.20M,,645.60M,363.40M,4.90M,71.10M,-66.20M,3.50M,-66.20M,300.70M,54.90M,245.80M,-43.90M,,-5.50M,196.40M,237.44M,371.80M,,2010-06,0.74,-0.13,0.61,,2010-06,0.71,-0.13,0.58,,2010-06,0.07,,2010-06,AOR,Restated
2010-03,2.766B,2.766B,2.009B,756.70M,617.20M,5.80M,71.00M,,-71.00M,,617.20M,139.50M,,71.00M,-71.00M,5.80M,-71.00M,74.30M,54.10M,20.20M,-14.20M,,-4.60M,1.40M,11.83M,145.30M,,2010-03,0.05,-0.05,0.00,,2010-03,0.05,-0.05,0.00,,2010-03,0.07,,2010-03,AOR,Restated
2009-12,3.281B,3.281B,2.385B,895.70M,668.60M,2.90M,76.20M,,-76.20M,,668.60M,227.10M,,76.20M,-76.20M,2.90M,-76.20M,153.80M,17.30M,111.80M,11.40M,,-8.50M,139.40M,125.63M,230.00M,,2009-12,0.40,0.04,0.44,,2009-12,0.38,0.04,0.41,,2009-12,0.07,,2009-12,AOR,Restated
2009-09,3.459B,3.459B,2.463B,996.30M,671.70M,0.00,76.30M,,-76.30M,,671.70M,324.60M,,76.30M,-76.30M,,-76.30M,248.30M,14.80M,233.50M,-10.90M,,-6.00M,216.60M,227.50M,324.60M,,2009-09,0.71,-0.04,0.67,,2009-09,0.69,-0.04,0.65,,2009-09,0.07,,2009-09,AOR,Restated
2009-06,3.452B,3.452B,2.516B,936.20M,677.10M,2.80M,81.80M,,-81.80M,,677.10M,259.10M,,81.80M,-81.80M,2.80M,-81.80M,180.10M,34.40M,145.70M,-18.10M,,-5.50M,122.10M,137.93M,261.90M,,2009-06,0.44,-0.06,0.38,,2009-06,0.43,-0.06,0.38,,2009-06,0.18,,2009-06,AOR,Restated
2009-03,2.933B,2.933B,2.206B,726.50M,676.60M,6.80M,67.40M,4.30M,-63.10M,,676.60M,49.90M,4.30M,67.40M,-63.10M,8.20M,-63.10M,-5.00M,10.50M,-15.50M,-6.30M,,-4.90M,-26.70M,-24.82M,62.40M,,2009-03,-0.06,-0.02,-0.08,,2009-03,-0.06,-0.02,-0.08,,2009-03,0.18,,2009-03,AOR,Restated
2008-12,3.670B,3.670B,2.802B,868.40M,688.20M,-3.734B,89.00M,8.70M,-80.30M,,688.20M,180.20M,8.70M,89.00M,-80.30M,-3.733B,-80.30M,-3.633B,-361.80M,-3.271B,-15.00M,,-4.10M,-3.290B,86.57M,-3.544B,,2008-12,-10.94,-0.05,-10.99,,2008-12,-10.94,-0.05,-10.99,,2008-12,0.18,,2008-12,,Restated
2008-09,4.313B,4.313B,3.209B,1.104B,756.40M,-9.50M,83.70M,9.90M,-73.80M,,756.40M,347.40M,9.90M,83.70M,-73.80M,-8.10M,-73.80M,265.50M,26.30M,239.20M,-6.00M,,-5.50M,227.70M,242.26M,349.20M,,2008-09,0.73,-0.02,0.71,,2008-09,0.72,-0.02,0.70,,2008-09,0.18,,2008-09,,Restated
2008-06,3.081B,3.081B,2.196B,884.70M,523.10M,,,,,,523.10M,361.60M,,,,1.20M,,342.20M,79.70M,262.50M,-6.40M,,-6.50M,256.10M,262.50M,361.60M,,2008-06,0.91,-0.02,0.89,,2008-06,0.90,-0.02,0.88,,2008-06,0.18,,2008-06,,
2008-03,2.163B,2.163B,1.541B,622.40M,375.40M,-2.40M,,,,,375.40M,247.00M,,,,-2.40M,,258.90M,47.20M,211.70M,-30.10M,,-3.80M,181.60M,213.66M,247.00M,,2008-03,0.77,-0.11,0.66,,2008-03,0.77,-0.11,0.66,,2008-03,0.18,,2008-03,,
2007-12,2.323B,2.323B,1.658B,665.10M,366.30M,15.00M,,,,,366.30M,298.80M,,,,15.00M,,277.40M,106.50M,170.90M,2.348B,,,2.518B,161.66M,298.80M,,2007-12,0.62,8.13,8.75,,2007-12,0.61,8.00,8.61,,2007-12,0.18,,2007-12,,
2007-09,2.239B,2.239B,1.608B,630.80M,354.50M,-7.60M,,,,,354.50M,276.30M,,,,-7.60M,,235.40M,37.80M,197.60M,69.00M,,,266.60M,203.98M,276.30M,,2007-09,0.70,0.24,0.94,,2007-09,0.68,0.24,0.92,,2007-09,0.18,,2007-09,,
2007-06,2.225B,2.225B,1.590B,634.90M,360.80M,8.60M,,,,,360.80M,274.10M,,,,8.60M,,251.90M,43.90M,208.00M,756.10M,,,964.10M,200.90M,274.10M,,2007-06,0.69,2.52,3.21,,2007-06,0.68,2.49,3.17,,2007-06,0.18,,2007-06,,
2007-03,1.976B,1.976B,1.416B,560.20M,351.60M,-0.10M,,,,,351.60M,208.60M,,,,-0.10M,,172.90M,16.30M,156.60M,60.90M,,,217.50M,156.69M,208.60M,,2007-03,0.51,0.20,0.71,,2007-03,0.50,0.20,0.70,,2007-03,0.18,,2007-03,,
2006-12,2.143B,2.143B,1.539B,603.70M,324.60M,-4.90M,,,,,324.60M,279.10M,,,,-4.90M,,238.20M,28.10M,210.10M,11.80M,,,221.90M,214.42M,279.10M,,2006-12,0.68,0.05,0.73,,2006-12,0.67,0.05,0.72,,2006-12,0.18,,2006-12,,
2006-09,2.038B,2.038B,1.465B,572.60M,303.70M,-2.40M,,,,,303.70M,268.90M,,,,-2.40M,,235.00M,34.60M,200.40M,43.40M,,,243.80M,202.45M,268.90M,,2006-09,0.63,0.14,0.77,,2006-09,0.63,0.13,0.76,,2006-09,0.18,,2006-09,,
2006-06,2.048B,2.048B,1.463B,584.90M,332.40M,-6.20M,,,,,332.40M,252.50M,,,,-6.20M,,215.50M,18.40M,197.10M,116.40M,,,313.50M,202.77M,252.50M,,2006-06,0.60,0.36,0.96,,2006-06,0.60,0.35,0.95,,2006-06,0.16,,2006-06,,
2006-03,2.523B,2.523B,1.851B,672.00M,354.70M,3.90M,,,,,354.70M,317.30M,,,,3.90M,,285.90M,41.50M,244.40M,8.80M,,,253.20M,241.07M,317.30M,,2006-03,0.74,0.03,0.77,,2006-03,0.73,0.03,0.76,,2006-03,0.16,,2006-03,,
2005-12,2.713B,2.713B,1.994B,719.60M,373.90M,26.00M,,,,,373.90M,345.70M,,,,26.00M,,324.50M,51.60M,272.90M,18.60M,,,291.50M,251.03M,345.70M,,2005-12,-0.13,1.00,0.87,,2005-12,-0.13,1.00,0.87,,2005-12,0.16,,2005-12,,
2005-09,2.615B,2.615B,1.921B,694.60M,354.60M,9.60M,,,,,354.60M,340.00M,,,,9.60M,,314.10M,58.00M,256.10M,-1.90M,,,254.20M,248.27M,340.00M,,2005-09,0.76,0.00,0.76,,2005-09,0.75,0.00,0.75,,2005-09,0.16,,2005-09,,
2005-06,2.760B,2.760B,2.019B,740.40M,361.30M,10.20M,,,,,361.30M,379.10M,,,,10.20M,,351.60M,59.80M,291.80M,-6.40M,,,285.40M,283.33M,379.10M,,2005-06,0.86,-0.02,0.84,,2005-06,0.85,-0.02,0.83,,2005-06,0.125,,2005-06,,
2005-03,2.459B,2.459B,1.811B,648.10M,351.20M,7.30M,,,,,351.20M,296.90M,,,,7.30M,,267.60M,35.30M,232.30M,-9.20M,,,223.10M,225.96M,296.90M,,2005-03,0.67,-0.02,0.65,,2005-03,0.67,-0.03,0.64,,2005-03,0.125,,2005-03,,
2004-12,2.459B,2.459B,1.778B,681.30M,383.40M,16.80M,,,,,383.40M,297.90M,,,,16.80M,,261.70M,39.40M,222.30M,292.90M,,,515.20M,208.03M,297.90M,,2004-12,-0.15,1.64,1.49,,2004-12,-0.15,1.62,1.47,,2004-12,0.125,,2004-12,,
2004-09,2.368B,2.368B,1.739B,629.20M,351.00M,5.10M,,,,,351.00M,278.20M,,,,5.10M,,247.60M,42.00M,205.60M,32.20M,,,237.80M,201.37M,278.20M,,2004-09,0.60,0.09,0.69,,2004-09,0.59,0.09,0.68,,2004-09,0.125,,2004-09,,
2004-06,2.444B,2.444B,1.783B,661.40M,342.70M,-1.50M,,,,,342.70M,318.70M,,,,-1.50M,,277.50M,38.30M,239.20M,38.30M,,,277.50M,240.49M,318.70M,,2004-06,0.69,0.135,0.825,,2004-06,0.68,0.135,0.815,,2004-06,0.095,,2004-06,,
2004-03,2.122B,2.122B,1.554B,567.70M,342.20M,-3.50M,,,,,342.20M,225.50M,,,,-3.50M,,181.30M,18.50M,162.80M,16.70M,,,179.50M,165.94M,225.50M,,2004-03,0.465,0.05,0.515,,2004-03,0.46,0.05,0.51,,2004-03,0.095,,2004-03,,
2003-12,3.874B,3.874B,2.996B,877.60M,569.90M,15.30M,,,,,569.90M,307.70M,,,,15.30M,,267.10M,43.80M,223.30M,-25.90M,,,197.40M,210.51M,307.70M,,2003-12,-0.03,0.595,0.565,,2003-12,-0.03,0.595,0.565,,2003-12,0.095,,2003-12,,
2003-09,2.064B,2.064B,1.524B,540.30M,329.40M,-2.00M,,,,-5.40M,324.00M,216.30M,,,,-2.00M,,168.80M,21.60M,145.20M,9.40M,,,154.60M,146.94M,216.30M,,2003-09,0.425,0.025,0.45,,2003-09,0.415,0.025,0.44,,2003-09,0.095,,2003-09,,
2003-06,2.434B,2.434B,1.843B,591.10M,382.60M,2.50M,,,,,382.60M,208.50M,,,,2.50M,,167.00M,21.20M,145.80M,-6.50M,,,139.30M,143.62M,208.50M,,2003-06,0.43,-0.02,0.41,,2003-06,0.425,-0.02,0.405,,2003-06,0.085,,2003-06,,
2003-03,2.120B,2.120B,1.631B,489.00M,329.10M,-6.60M,,,,,329.10M,159.90M,,,,-6.60M,,103.30M,13.30M,90.00M,63.20M,,,153.20M,95.75M,159.90M,,2003-03,0.265,0.19,0.455,,2003-03,0.265,0.185,0.45,,2003-03,0.085,,2003-03,,
2002-12,2.489B,2.489B,1.894B,594.60M,409.80M,-5.20M,,,,,409.80M,184.80M,,,,-5.20M,,111.90M,-15.90M,127.80M,55.60M,0.00,,183.40M,130.92M,184.80M,,2002-12,0.375,0.17,0.545,,2002-12,0.375,0.165,0.545,,2002-12,0.085,,2002-12,,
2002-09,2.208B,2.208B,1.692B,516.70M,358.00M,-9.40M,,,,,358.00M,158.70M,,,,-9.40M,,90.60M,11.80M,78.80M,10.50M,,,89.30M,86.98M,158.70M,,2002-09,0.235,0.03,0.265,,2002-09,0.235,0.03,0.265,,2002-09,0.085,,2002-09,,
2002-06,2.587B,2.587B,1.995B,592.50M,378.80M,-18.60M,,,,,378.80M,213.70M,,,,-18.60M,,131.80M,24.40M,107.40M,,,-3.80M,107.40M,122.56M,213.70M,,2002-06,0.32,0.00,0.32,,2002-06,0.315,0.00,0.315,,2002-06,0.085,,2002-06,,
2002-03,2.017B,2.017B,1.53B,487.00M,325.90M,-20.10M,,,,,325.90M,161.10M,,,,-20.10M,,81.80M,11.30M,70.50M,10.40M,,,80.90M,87.82M,161.10M,,2002-03,0.21,0.03,0.24,,2002-03,0.21,0.03,0.24,,2002-03,0.085,,2002-03,,
2001-12,1.479B,1.479B,1.151B,327.80M,304.20M,-25.90M,,,,,304.20M,23.60M,,,,-25.90M,,-63.90M,-99.90M,36.00M,,,-4.00M,100.10M,51.54M,23.60M,,2001-12,0.015,0.29,0.305,,2001-12,0.005,0.29,0.295,,2001-12,0.085,,2001-12,,
2001-09,2.375B,2.375B,1.865B,509.90M,368.80M,-41.20M,,,,,368.80M,141.10M,,,,-41.20M,,31.30M,-2.60M,33.90M,,,-2.50M,33.90M,58.62M,141.10M,,2001-09,0.10,0.00,0.10,,2001-09,0.10,0.00,0.10,,2001-09,0.085,,2001-09,,
2001-06,2.286B,2.286B,1.698B,588.10M,319.10M,-19.00M,,,,,404.40M,183.70M,,,,-19.00M,,97.00M,34.10M,62.90M,,,-5.60M,62.90M,75.22M,183.70M,,2001-06,0.19,0.00,0.19,,2001-06,0.19,0.00,0.19,,2001-06,0.085,,2001-06,,
2001-03,2.120B,2.120B,1.553B,566.80M,306.40M,-23.60M,,,,,391.30M,175.50M,,,,-23.60M,,77.50M,28.20M,49.30M,,,-8.50M,49.30M,64.31M,175.50M,,2001-03,0.155,0.00,0.155,,2001-03,0.155,0.00,0.155,,2001-03,0.085,,2001-03,,
2000-12,1.251B,1.251B,898.20M,353.10M,245.10M,-49.70M,,,,,245.10M,108.00M,,,,-49.70M,,600.50M,3.30M,-2.80M,108.90M,,-9.60M,106.10M,46.63M,108.00M,,2000-12,-0.13,0.46,0.33,,2000-12,-0.13,0.455,0.33,,2000-12,0.085,,2000-12,,
2000-09,2.512B,2.512B,1.889B,622.90M,341.50M,19.50M,,,,,341.50M,281.40M,,,,19.50M,,206.30M,75.60M,130.70M,121.20M,,-10.10M,251.90M,118.35M,281.40M,,2000-09,0.405,0.375,0.78,,2000-09,0.40,0.375,0.775,,2000-09,0.085,,2000-09,,
2000-06,2.233B,2.233B,1.548B,684.40M,269.60M,-9.70M,,,,,335.90M,348.50M,,,,-9.70M,,270.80M,93.10M,177.70M,-2.30M,,-12.70M,175.40M,184.07M,348.50M,,2000-06,0.55,-0.005,0.545,,2000-06,0.545,-0.005,0.54,,2000-06,0.085,,2000-06,,
2000-03,2.020B,2.020B,1.413B,607.80M,269.50M,-5.00M,,,,,338.50M,269.30M,,,,-5.00M,,208.60M,76.90M,131.70M,4.30M,,-7.50M,136.00M,134.86M,269.30M,,2000-03,0.405,-0.015,0.39,,2000-03,0.40,-0.015,0.385,,2000-03,0.085,,2000-03,,
1999-12,2.040B,2.040B,1.694B,345.40M,286.50M,16.50M,,,,,82.00M,263.40M,,,,16.50M,,244.30M,84.90M,159.40M,6.50M,,-7.80M,165.90M,148.63M,263.40M,,1999-12,0.165,0.345,0.51,,1999-12,0.165,0.0192,0.4905,,1999-12,0.085,,1999-12,,
1999-09,1.846B,1.846B,1.268B,578.10M,248.50M,-8.20M,,,,,305.20M,272.90M,,,,-8.20M,,207.00M,73.50M,133.50M,4.00M,,-7.60M,137.50M,138.79M,272.90M,,1999-09,0.405,0.015,0.42,,1999-09,0.40,0.015,0.415,,1999-09,0.085,,1999-09,,
1999-06,2.042B,2.042B,1.399B,643.20M,268.80M,-2.20M,,,,,338.40M,304.80M,,,,-2.20M,,242.20M,86.00M,156.20M,10.30M,,-7.30M,166.50M,157.62M,304.80M,,1999-06,0.475,0.03,0.505,,1999-06,0.465,0.03,0.495,,1999-06,0.075,,1999-06,,
1999-03,1.891B,1.891B,1.317B,574.00M,262.30M,-3.10M,,,,,335.40M,238.60M,,,,-3.10M,,176.70M,62.70M,114.00M,7.10M,,-6.30M,121.10M,116.00M,238.60M,,1999-03,0.35,0.02,0.37,,1999-03,0.345,0.02,0.365,,1999-03,0.075,,1999-03,,
1998-12,1.971B,1.971B,1.387B,584.10M,260.30M,25.70M,,,,,325.40M,258.70M,,,,25.70M,,223.90M,70.20M,153.70M,-4.00M,,-7.60M,149.70M,136.06M,258.70M,,1998-12,0.15,0.31,0.46,,1998-12,0.15,0.305,0.455,,1998-12,0.075,,1998-12,,
1998-09,1.802B,1.802B,1.250B,552.60M,245.20M,-11.70M,,,,,315.60M,237.00M,,,,-11.70M,,166.40M,59.10M,107.30M,12.10M,,-7.40M,119.40M,114.84M,237.00M,,1998-09,0.33,0.035,0.365,,1998-09,0.325,0.035,0.36,,1998-09,0.075,,1998-09,,
1998-06,2.186B,2.186B,1.523B,663.60M,303.20M,5.20M,,,,,377.30M,286.30M,,,,5.20M,,218.40M,77.50M,140.90M,,,-15.10M,140.90M,137.55M,286.30M,,1998-06,0.43,0.00,0.43,,1998-06,0.425,0.00,0.425,,1998-06,0.075,,1998-06,,
