,OperatingRevenue,Revenue,CostofGoodsSold,GrossProfit,SG&AExpense,SpecialIncomeandCharges,NonIncomeTaxes,OperatingInterestExpense,NetOperatingInterestIncome,OtherOperatingExpenses,TotalOperatingExpenses,OperatingIncome,Non-OperatingInterestExpense,NetNon-OperatingInterestIncomeExpense,OtherIncomeandExpenses,NetInterestIncome,Pre-TaxIncome,ProvisionforIncomeTaxes,IncomefromContinuingOperations,IncomefromDiscontinuedOperations,"ExtraordinaryItems,IncomeStatement",IncomeAttributabletoMinorityInterest,PreferredStockDividend,NetIncome,NormalizedIncome,EBIT,,BasicEPS(Quarterly),EPSBasicfromContinuingOperations,EPSBasicfromDiscontinuedOperations,NormalizedBasicEPS,EPSBasic,,DilutedEPS(Quarterly),EPSDilutedfromContinuingOperations,EPSDilutedfromTaxLossCarryforward,NormalizedDilutedEPS,EPSDiluted,AverageBasicSharesOutstanding,AverageDilutedSharesOutstanding,DividendPerShare,,SECFilingLinks,AsOriginallyReported,Restated
2020-09,1.484B,1.518B,686.90M,830.70M,,,91.00M,94.80M,-94.80M,,309.00M,521.70M,94.80M,-94.80M,-11.30M,-94.80M,415.60M,50.00M,367.50M,,,-3.00M,,364.50M,363.00M,510.40M,,2020-09,1.60,,1.593,1.60,,2020-09,1.60,,1.593,1.60,227.30M,227.50M,0.505,,2020-09,AOR,
2020-06,1.143B,1.185B,600.50M,584.20M,,,90.90M,99.50M,-99.50M,,312.50M,271.70M,99.50M,-99.50M,-4.20M,-99.50M,168.00M,33.70M,136.30M,,,-2.90M,,133.40M,130.91M,267.50M,,2020-06,0.59,,0.5791,0.59,,2020-06,0.59,,0.5791,0.59,227.20M,227.60M,0.505,,2020-06,AOR,
2020-03,1.117B,1.117B,608.40M,508.30M,,,92.30M,96.20M,-96.20M,,310.80M,197.50M,96.20M,-96.20M,-21.20M,-96.20M,80.10M,10.10M,72.20M,,,-2.80M,,69.40M,70.10M,176.30M,,2020-03,0.31,,0.3131,0.31,,2020-03,0.31,,0.3131,0.31,227.10M,227.50M,0.505,,2020-03,AOR,
2019-12,1.202B,1.132B,660.10M,471.50M,,,89.10M,96.70M,-96.70M,,305.70M,165.80M,96.70M,-96.70M,-6.50M,-96.70M,62.60M,-2.20M,66.70M,,,-2.80M,,63.90M,61.42M,159.30M,,2019-12,0.31,,0.2991,0.31,,2019-12,0.30,,0.2891,0.30,227.50M,228.20M,0.505,,2019-12,AOR,
2019-09,1.566B,1.578B,731.30M,846.30M,,,91.50M,90.80M,-90.80M,,307.60M,538.70M,90.80M,-90.80M,-15.10M,-90.80M,432.80M,65.50M,370.90M,,,-4.10M,,366.80M,365.27M,523.60M,,2019-09,1.56,,1.553,1.56,,2019-09,1.56,,1.553,1.56,234.60M,235.00M,0.475,,2019-09,AOR,Restated
2019-06,1.185B,1.222B,643.00M,578.70M,,,91.60M,95.40M,-95.40M,,307.00M,271.70M,95.40M,-95.40M,-9.40M,-95.40M,166.90M,24.40M,144.60M,,,-4.90M,,139.70M,137.48M,262.30M,,2019-06,0.57,,0.5609,0.57,,2019-06,0.57,,0.5609,0.57,243.20M,243.40M,0.475,,2019-06,AOR,Restated
2019-03,1.217B,1.217B,700.40M,516.50M,,,93.30M,91.10M,-91.10M,,306.90M,209.60M,91.10M,-91.10M,-8.00M,-91.10M,110.50M,9.30M,103.40M,,,-3.90M,,99.50M,96.56M,201.60M,,2019-03,0.39,,0.3784,0.39,,2019-03,0.39,,0.3784,0.39,252.80M,253.00M,0.475,,2019-03,AOR,Restated
2018-12,1.200B,1.200B,756.90M,442.90M,,,85.60M,88.30M,-88.30M,,292.80M,150.10M,88.30M,-88.30M,-10.70M,-88.30M,51.10M,30.70M,21.10M,,,-2.60M,,18.50M,16.60M,139.40M,,2018-12,-0.11,,-0.1172,-0.11,,2018-12,-0.11,,-0.1172,-0.11,261.90M,262.40M,0.475,,2018-12,AOR,Restated
2018-09,1.582B,1.582B,772.50M,810.00M,,,83.00M,89.10M,-89.10M,,276.90M,533.10M,89.10M,-89.10M,-24.30M,-89.10M,419.70M,64.10M,357.60M,,,-2.60M,,355.00M,350.84M,508.80M,,2018-09,1.32,,1.305,1.32,,2018-09,1.32,,1.305,1.32,268.60M,268.80M,0.46,,2018-09,AOR,Restated
2018-06,893.40M,893.40M,581.90M,311.50M,,,56.60M,58.40M,-58.40M,,184.60M,126.90M,58.40M,-58.40M,-10.50M,-58.40M,58.00M,-45.00M,104.40M,,,-2.60M,,101.80M,100.63M,116.40M,,2018-06,0.56,,0.5535,0.56,,2018-06,0.56,,0.5535,0.56,180.90M,181.00M,0.40,,2018-06,AOR,Restated
2018-03,600.20M,600.20M,343.20M,257.00M,,,43.90M,43.80M,-43.80M,,133.50M,123.50M,43.80M,-43.80M,-9.00M,-43.80M,70.70M,9.20M,62.90M,,,-2.40M,,60.50M,60.85M,114.50M,,2018-03,0.42,,0.4224,0.42,,2018-03,0.42,,0.4224,0.42,142.60M,142.70M,0.40,,2018-03,AOR,Restated
2017-12,594.80M,594.80M,336.90M,257.90M,,,41.20M,42.80M,-42.80M,,135.60M,122.30M,42.80M,-42.80M,-6.40M,-42.80M,73.10M,38.60M,36.30M,,,-2.40M,,33.90M,33.60M,115.90M,,2017-12,0.24,,0.2379,0.24,,2017-12,0.24,,0.2379,0.24,142.50M,142.90M,0.40,,2017-12,AOR,Restated
2017-09,794.30M,794.30M,393.00M,401.30M,,,41.80M,43.40M,-43.40M,,136.40M,264.90M,43.40M,-43.40M,-6.60M,-43.40M,214.90M,55.80M,160.70M,,,-2.40M,,158.30M,157.56M,258.30M,,2017-09,1.11,,1.105,1.11,,2017-09,1.11,,1.105,1.11,142.50M,142.50M,0.40,,2017-09,AOR,Restated
2017-06,609.30M,609.30M,313.20M,296.10M,,,41.90M,43.70M,-43.70M,,135.90M,160.20M,43.70M,-43.70M,-6.10M,-43.70M,110.40M,35.90M,76.00M,,,-3.90M,,72.10M,71.35M,154.10M,,2017-06,0.50,,0.4948,0.50,,2017-06,0.50,,0.4948,0.50,142.50M,142.60M,0.40,,2017-06,AOR,Restated
2017-03,572.57M,572.57M,309.85M,262.73M,,,42.72M,41.10M,-41.10M,,131.34M,131.38M,41.10M,-41.10M,-5.897M,-41.10M,84.39M,20.91M,63.48M,,,-3.821M,,59.66M,57.29M,125.49M,,2017-03,0.42,,0.4034,0.42,,2017-03,0.42,,0.4034,0.42,142.44M,142.70M,0.40,,2017-03,AOR,Restated
2016-12,606.55M,606.55M,531.08M,75.47M,,,46.17M,40.69M,-40.69M,,-60.93M,136.40M,40.69M,-40.69M,-20.29M,-40.69M,75.42M,24.12M,57.80M,,,-3.84M,,53.96M,56.96M,116.11M,,2016-12,0.38,,0.4011,0.38,,2016-12,0.38,,0.4010,0.38,142.28M,142.76M,0.38,,2016-12,AOR,Restated
2016-09,764.65M,764.65M,300.37M,464.28M,60.58M,,48.15M,40.90M,-40.90M,,193.71M,270.58M,40.90M,-40.90M,10.08M,-40.90M,239.76M,81.21M,158.55M,,,-3.833M,,154.72M,152.99M,280.66M,,2016-09,1.09,,1.078,1.09,,2016-09,1.08,,1.068,1.08,142.09M,142.58M,0.38,,2016-09,AOR,Restated
2016-06,621.45M,621.45M,259.48M,361.97M,75.72M,,48.41M,39.68M,-39.68M,,208.36M,153.62M,39.68M,-39.68M,2.754M,-39.68M,116.69M,40.54M,76.14M,,,-3.804M,,72.34M,70.86M,156.37M,,2016-06,0.51,,0.4996,0.51,,2016-06,0.51,,0.4996,0.51,142.03M,142.50M,0.38,,2016-06,AOR,Restated
2016-03,569.45M,569.45M,238.58M,330.88M,56.46M,,48.97M,40.43M,-40.43M,,189.06M,141.81M,40.43M,-40.43M,5.95M,-40.43M,107.33M,38.62M,68.71M,,,-3.123M,,65.58M,64.29M,147.76M,,2016-03,0.46,,0.4509,0.46,,2016-03,0.46,,0.4509,0.46,141.99M,142.31M,0.38,,2016-03,AOR,Restated
2015-12,545.96M,545.96M,240.98M,304.99M,70.71M,,43.85M,42.68M,-42.68M,,196.63M,108.36M,42.68M,-42.68M,0.339M,-42.68M,66.02M,24.19M,41.83M,,,-2.59M,,39.24M,37.10M,108.70M,,2015-12,0.28,,0.2649,0.28,,2015-12,0.28,,0.2650,0.28,141.77M,142.57M,0.36,,2015-12,AOR,Restated
2015-09,732.83M,732.83M,301.87M,430.96M,60.48M,,37.68M,44.31M,-44.31M,,175.35M,255.60M,44.31M,-44.31M,-4.441M,-44.31M,206.86M,66.29M,140.56M,,,-2.561M,,138.00M,137.79M,251.16M,,2015-09,0.97,,0.9685,0.97,,2015-09,0.97,,0.9685,0.97,141.62M,141.84M,0.36,,2015-09,AOR,Restated
2015-06,589.56M,589.56M,280.17M,309.39M,63.66M,,37.49M,45.52M,-45.52M,,177.92M,131.48M,45.52M,-45.52M,14.12M,-45.52M,100.08M,33.84M,66.24M,,,-2.533M,,63.71M,62.63M,145.60M,,2015-06,0.47,,0.4621,0.47,,2015-06,0.46,,0.4522,0.46,135.94M,137.41M,0.36,,2015-06,AOR,Restated
2015-03,590.81M,590.81M,297.37M,293.43M,55.42M,,37.87M,44.30M,-44.30M,,167.88M,125.56M,44.30M,-44.30M,-0.419M,-44.30M,80.84M,27.68M,53.16M,,,-2.183M,,50.98M,49.34M,125.14M,,2015-03,0.38,,0.3676,0.38,,2015-03,0.38,,0.3679,0.38,132.40M,135.54M,0.36,,2015-03,AOR,Restated
2014-12,596.44M,596.44M,311.14M,285.30M,70.81M,,36.05M,45.04M,-45.04M,,180.03M,105.27M,45.04M,-45.04M,4.173M,-45.04M,64.40M,18.63M,45.77M,,,-2.324M,,43.45M,41.02M,109.44M,,2014-12,0.33,,0.3115,0.33,,2014-12,0.32,,0.3020,0.32,131.48M,134.70M,0.35,,2014-12,AOR,Restated
2014-09,764.04M,764.04M,340.69M,423.35M,60.98M,,34.68M,44.53M,-44.53M,,167.93M,255.42M,44.53M,-44.53M,10.40M,-44.53M,221.29M,71.53M,149.76M,,,-2.378M,,147.38M,146.26M,265.82M,,2014-09,1.13,,1.121,1.13,,2014-09,1.10,,1.092,1.10,130.20M,133.03M,0.35,,2014-09,AOR,Restated
2014-06,612.67M,612.67M,322.15M,290.52M,62.17M,,34.74M,47.30M,-47.30M,,167.79M,122.73M,47.30M,-47.30M,6.546M,-47.30M,81.97M,26.15M,55.82M,,,-2.349M,,53.47M,51.31M,129.28M,,2014-06,0.41,,0.3933,0.41,,2014-06,0.40,,0.3836,0.40,129.36M,131.97M,0.35,,2014-06,AOR,Restated
2014-03,628.56M,628.56M,317.59M,310.97M,56.49M,,34.83M,46.24M,-46.24M,,161.43M,149.54M,46.24M,-46.24M,2.631M,-46.24M,105.93M,34.96M,70.97M,,,-2.015M,,68.96M,67.36M,152.17M,,2014-03,0.53,,0.5176,0.53,,2014-03,0.52,,0.5079,0.52,129.00M,131.27M,0.35,,2014-03,AOR,Restated
2013-12,559.88M,559.88M,290.20M,269.67M,66.46M,,30.39M,46.38M,-46.38M,,166.15M,103.53M,46.38M,-46.38M,3.117M,-46.38M,60.27M,17.21M,43.06M,,,-1.999M,,41.06M,40.03M,106.64M,,2013-12,0.32,,0.3119,0.32,,2013-12,0.31,,0.3020,0.31,127.90M,129.64M,0.34,,2013-12,AOR,Restated
2013-09,694.97M,694.97M,317.25M,377.72M,54.24M,,30.41M,45.71M,-45.71M,,153.51M,224.21M,45.71M,-45.71M,8.989M,-45.71M,187.49M,52.39M,135.10M,,,-1.97M,,133.12M,131.06M,233.20M,,2013-09,1.04,,1.024,1.04,,2013-09,1.04,,1.024,1.04,127.44M,128.11M,0.34,,2013-09,AOR,Restated
2013-06,569.59M,569.59M,285.30M,284.29M,54.48M,,30.70M,45.80M,-45.80M,,152.78M,131.51M,45.80M,-45.80M,13.05M,-45.80M,98.76M,29.31M,69.45M,,,-2.263M,,67.19M,66.00M,144.56M,,2013-06,0.53,,0.5207,0.53,,2013-06,0.52,,0.5108,0.52,127.31M,127.93M,0.34,,2013-06,AOR,Restated
2013-03,546.21M,546.21M,279.70M,266.51M,48.94M,,30.78M,44.28M,-44.28M,,146.57M,119.94M,44.28M,-44.28M,2.413M,-44.28M,78.07M,24.81M,53.26M,,,-2.112M,,51.14M,48.38M,122.35M,,2013-03,0.40,,0.3783,0.40,,2013-03,0.40,,0.3784,0.40,127.20M,127.62M,0.34,,2013-03,AOR,Restated
2012-12,523.77M,523.77M,184.24M,339.54M,61.67M,,,44.45M,-44.45M,,231.76M,107.78M,44.45M,-44.45M,3.35M,-44.45M,66.68M,18.98M,47.70M,,,-2.088M,0.00,45.61M,44.92M,111.13M,,2012-12,0.36,,0.3546,0.36,,2012-12,0.36,,0.3546,0.36,126.93M,127.03M,0.33,,2012-12,AOR,Restated
2012-09,695.76M,695.76M,326.51M,369.25M,54.30M,,,45.02M,-45.02M,,119.36M,249.89M,45.02M,-45.02M,2.566M,-45.02M,207.44M,66.37M,141.07M,,,-1.786M,,139.28M,137.43M,252.46M,,2012-09,1.10,,1.085,1.10,,2012-09,1.09,,1.075,1.09,126.78M,127.13M,0.33,,2012-09,AOR,Restated
2012-06,566.26M,566.26M,304.15M,262.11M,62.71M,,,44.82M,-44.82M,,129.01M,133.10M,44.82M,-44.82M,4.523M,-44.82M,92.80M,28.34M,64.46M,,,-1.728M,1.373M,62.73M,63.15M,137.62M,,2012-06,0.48,,0.4833,0.48,,2012-06,0.48,,0.4833,0.48,126.64M,126.88M,0.33,,2012-06,AOR,Restated
2012-03,475.68M,475.68M,283.70M,191.98M,47.33M,,,42.05M,-42.05M,,120.61M,71.36M,42.05M,-42.05M,12.36M,-42.05M,41.68M,12.44M,29.24M,,,-1.713M,0.242M,27.52M,24.50M,83.73M,,2012-03,0.21,,0.1861,0.21,,2012-03,0.21,,0.1861,0.21,126.50M,126.61M,0.33,,2012-03,AOR,Restated
2011-12,486.23M,486.23M,609.25M,-123.02M,52.46M,,,41.78M,-41.78M,,-195.60M,72.58M,41.78M,-41.78M,-0.959M,-41.78M,29.84M,8.532M,21.31M,,,-1.729M,0.243M,19.58M,17.40M,71.62M,,2011-12,0.13,,0.1122,0.13,,2011-12,0.13,,0.1122,0.13,121.94M,121.94M,0.32,,2011-12,AOR,Restated
2011-09,678.15M,678.15M,199.54M,478.61M,27.50M,-2.066M,,43.84M,-43.84M,,237.52M,241.09M,43.84M,-43.84M,0.848M,-43.84M,198.09M,61.70M,136.39M,,,-1.442M,0.242M,134.95M,134.37M,241.94M,,2011-09,1.15,0.00,1.145,1.15,,2011-09,1.14,,1.135,1.14,116.81M,118.16M,0.32,,2011-09,AOR,Restated
2011-06,524.89M,524.89M,152.97M,371.92M,55.97M,,,43.30M,-43.30M,,264.31M,107.61M,43.30M,-43.30M,0.818M,-43.30M,65.12M,19.60M,45.52M,,,-1.396M,0.242M,44.13M,44.13M,108.42M,,2011-06,0.38,0.00,0.38,0.38,,2011-06,0.38,,0.38,0.38,114.91M,114.91M,0.32,,2011-06,AOR,Restated
2011-03,481.72M,481.72M,134.18M,347.54M,48.77M,-3.119M,,43.54M,-43.54M,,256.38M,91.16M,43.54M,-43.54M,-1.151M,-43.54M,46.47M,13.51M,32.96M,,,-1.373M,0.242M,31.58M,32.40M,90.01M,,2011-03,0.27,0.00,0.2772,0.27,,2011-03,0.27,,0.2772,0.27,113.88M,113.88M,0.32,,2011-03,AOR,Restated
2010-12,456.72M,456.72M,644.98M,-188.25M,63.11M,,,43.08M,-43.08M,,-236.49M,48.24M,43.08M,-43.08M,-0.359M,-43.08M,4.802M,-1.748M,6.55M,,,-1.39M,0.243M,5.16M,5.16M,47.88M,,2010-12,0.04,,0.04,0.04,,2010-12,0.04,,0.04,0.04,112.36M,113.10M,0.31,,2010-12,AOR,Restated
2010-09,644.44M,644.44M,187.88M,456.56M,50.42M,-0.001M,,43.96M,-43.96M,126.60M,244.94M,211.62M,43.96M,-43.96M,-0.001M,-43.96M,167.66M,51.80M,115.86M,,,-1.119M,0.242M,114.74M,114.74M,211.62M,,2010-09,1.02,0.00,1.020,1.02,,2010-09,1.01,,1.010,1.01,111.71M,112.32M,0.31,,2010-09,AOR,Restated
2010-06,495.18M,495.18M,137.12M,358.06M,48.15M,-2.017M,,43.29M,-43.29M,121.81M,237.07M,120.99M,43.29M,-43.29M,-2.017M,-43.29M,75.69M,21.16M,54.53M,,,-1.219M,0.242M,53.31M,54.76M,118.98M,,2010-06,0.47,0.00,0.4830,0.47,,2010-06,0.47,,0.4830,0.47,111.52M,111.52M,0.31,,2010-06,AOR,Restated
2010-03,459.83M,459.83M,133.80M,326.03M,45.93M,-1.883M,,44.62M,-44.62M,121.17M,234.03M,92.00M,44.62M,-44.62M,-1.883M,-44.62M,45.50M,13.82M,31.68M,,,-1.002M,0.242M,30.68M,31.99M,90.12M,,2010-03,0.27,0.00,0.2818,0.27,,2010-03,0.27,,0.2818,0.27,110.93M,110.93M,0.31,,2010-03,AOR,Restated
2009-12,440.12M,440.12M,132.24M,307.88M,56.42M,-0.104M,,40.59M,-40.59M,124.66M,246.07M,61.81M,40.59M,-40.59M,-0.104M,-40.59M,21.11M,10.50M,10.62M,0.767M,,0.00,0.243M,11.38M,10.68M,61.70M,,2009-12,0.10,0.00,0.1006,0.10,,2009-12,0.10,,0.1006,0.10,109.96M,109.96M,0.30,,2009-12,AOR,Restated
2009-09,528.53M,528.53M,141.47M,387.06M,41.92M,0.664M,,41.60M,-41.60M,130.30M,236.73M,150.33M,41.60M,-41.60M,0.664M,-41.60M,109.40M,28.26M,81.14M,,,0.00,0.242M,81.14M,80.65M,151.00M,,2009-09,0.73,0.00,0.7255,0.73,,2009-09,0.73,,0.7255,0.73,109.75M,109.75M,0.30,,2009-09,AOR,Restated
2009-06,467.81M,467.81M,120.51M,347.30M,53.64M,4.134M,,40.09M,-40.09M,139.81M,257.26M,90.04M,40.09M,-40.09M,4.134M,-40.09M,54.08M,15.70M,38.39M,,,0.00,0.242M,38.39M,35.45M,94.18M,,2009-06,0.35,0.00,0.3232,0.35,,2009-06,0.35,,0.3232,0.35,109.54M,109.54M,0.30,,2009-06,AOR,Restated
2009-03,421.77M,421.77M,140.64M,281.12M,47.98M,-2.096M,,35.08M,-35.08M,122.17M,228.36M,52.76M,35.08M,-35.08M,-2.096M,-35.08M,15.59M,4.401M,11.19M,32.98M,,0.00,0.242M,44.16M,12.69M,50.66M,,2009-03,0.10,0.30,0.1138,0.40,,2009-03,0.10,,0.1138,0.40,109.33M,109.33M,0.30,,2009-03,AOR,Restated
2008-12,406.10M,406.10M,136.40M,269.69M,47.72M,-4.994M,,33.53M,-33.53M,117.18M,218.17M,51.52M,33.53M,-33.53M,-4.994M,-33.53M,13.00M,-9.872M,22.87M,0.00,,,0.243M,22.87M,26.12M,46.53M,,2008-12,0.19,0.00,0.2198,0.19,,2008-12,0.19,,0.2198,0.19,108.90M,108.90M,0.29,,2008-12,,Restated
2008-09,574.85M,574.85M,220.14M,354.71M,50.80M,5.293M,,31.92M,-31.92M,107.67M,210.44M,144.27M,31.92M,-31.92M,5.293M,-31.92M,117.65M,29.36M,88.28M,0.00,,,0.242M,88.28M,84.31M,149.57M,,2008-09,0.80,0.00,0.7635,0.80,,2008-09,0.80,,0.7635,0.80,108.71M,108.71M,0.29,,2008-09,,Restated
2008-06,451.22M,451.22M,191.36M,259.86M,44.25M,3.804M,,30.31M,-30.31M,130.97M,224.82M,35.04M,30.31M,-30.31M,3.804M,-30.31M,8.532M,2.687M,5.845M,,,,0.242M,5.845M,3.239M,38.84M,,2008-06,0.06,0.00,0.0341,0.06,,2008-06,0.06,,0.0341,0.06,100.73M,100.73M,0.29,,2008-06,,Restated
2008-03,406.83M,406.83M,146.45M,260.38M,41.66M,-0.222M,,10.69M,-10.69M,116.02M,206.57M,53.81M,10.69M,-10.69M,-0.222M,-10.69M,42.90M,-18.24M,61.14M,0.00,,,0.242M,61.14M,61.28M,53.59M,,2008-03,0.62,0.00,0.6215,0.62,,2008-03,0.62,,0.6215,0.62,97.42M,97.42M,0.29,,2008-03,,Restated
2007-12,392.85M,392.85M,126.98M,265.87M,45.80M,1.378M,,,,122.73M,219.76M,46.12M,,,1.378M,,28.34M,14.58M,13.76M,,,,0.243M,13.76M,12.87M,46.12M,,2007-12,0.14,0.00,0.1304,0.14,,2007-12,0.13,,0.1204,0.13,92.99M,92.99M,0.27,,2007-12,,
2007-09,548.50M,548.50M,182.69M,365.81M,46.18M,-2.376M,,,,121.15M,215.24M,150.57M,,,-2.376M,,119.33M,27.62M,91.71M,,,,0.242M,91.71M,93.53M,150.57M,,2007-09,0.99,0.00,1.010,0.99,,2007-09,0.99,,1.010,0.99,91.94M,91.94M,0.27,,2007-09,,
2007-06,415.18M,415.18M,131.35M,283.83M,42.96M,1.995M,,,,122.06M,213.07M,70.76M,,,1.995M,,42.34M,9.63M,32.71M,,,,0.242M,32.71M,31.17M,70.76M,,2007-06,0.36,0.00,0.3428,0.36,,2007-06,0.36,,0.3428,0.36,89.78M,89.78M,0.27,,2007-06,,
2007-03,370.31M,370.31M,103.41M,266.90M,43.64M,-2.311M,,,,107.59M,196.95M,69.94M,,,-2.311M,,42.19M,12.01M,30.18M,,,,0.242M,30.18M,31.83M,69.94M,,2007-03,0.34,0.00,0.3588,0.34,,2007-03,0.34,,0.3588,0.34,87.95M,87.95M,0.27,,2007-03,,
2006-12,343.15M,343.15M,,,,,,,,,,1.345B,,,,,,,13.07M,,,,,13.07M,13.07M,1.345B,,2006-12,0.15,0.00,0.15,0.15,,2006-12,0.15,,0.15,0.15,87.72M,87.72M,0.25,,2006-12,,
2006-09,515.95M,515.95M,169.05M,346.89M,41.83M,1.154M,,,,115.02M,207.31M,139.59M,,,1.154M,,114.98M,24.95M,90.03M,,,,0.242M,90.03M,89.13M,139.59M,,2006-09,1.03,0.00,1.020,1.03,,2006-09,1.02,,1.010,1.02,87.58M,88.03M,0.25,,2006-09,,
2006-06,406.62M,406.62M,129.75M,276.87M,39.08M,3.938M,,,,118.57M,207.86M,69.01M,,,3.938M,,47.90M,12.54M,35.36M,,,,0.242M,35.36M,32.46M,69.01M,,2006-06,0.40,0.00,0.3668,0.40,,2006-06,0.40,,0.3668,0.40,87.46M,87.46M,0.25,,2006-06,,
2006-03,340.02M,340.02M,110.50M,229.52M,38.26M,7.302M,,,,92.00M,177.84M,51.68M,,,7.302M,,35.59M,8.749M,26.84M,,,,0.242M,26.84M,21.33M,51.68M,,2006-03,0.30,0.00,0.2369,0.30,,2006-03,0.30,,0.2369,0.30,87.28M,87.28M,0.25,,2006-03,,
2005-12,394.08M,394.08M,184.79M,209.28M,41.34M,-0.348M,,,,114.97M,179.15M,30.14M,,,-0.348M,,5.196M,-1.705M,6.901M,,,,0.243M,7.643M,7.110M,30.14M,,2005-12,0.07,0.01,0.0724,0.08,,2005-12,0.07,,0.0724,0.08,87.07M,88.26M,0.23,,2005-12,,
2005-09,477.90M,477.90M,132.03M,345.87M,42.07M,0.486M,,,,107.72M,192.61M,153.26M,,,0.486M,,126.86M,42.38M,84.48M,,,,0.242M,84.48M,84.15M,153.26M,,2005-09,0.97,0.00,0.9663,0.97,,2005-09,0.96,,0.9563,0.96,86.95M,87.74M,0.23,,2005-09,,
2005-06,374.80M,374.80M,119.61M,255.19M,41.39M,5.503M,,,,108.84M,192.78M,62.41M,,,5.503M,,40.17M,12.30M,27.88M,,,,0.242M,27.88M,24.06M,62.41M,,2005-06,0.32,0.00,0.2760,0.32,,2005-06,0.32,,0.2760,0.32,86.83M,86.83M,0.23,,2005-06,,
2005-03,336.50M,336.50M,91.80M,244.70M,41.26M,-1.907M,,,,106.21M,189.78M,54.93M,,,-1.907M,,23.16M,7.542M,15.62M,,,,0.242M,15.62M,16.90M,54.93M,,2005-03,0.18,0.00,0.1949,0.18,,2005-03,0.18,,0.1949,0.18,86.57M,86.57M,0.23,,2005-03,,
2004-12,344.31M,344.31M,98.90M,245.41M,49.83M,1.309M,,,,111.54M,204.03M,41.38M,,,1.309M,,12.74M,-4.201M,16.94M,71.90M,,,0.243M,88.84M,16.16M,41.38M,,2004-12,0.18,0.87,0.1709,1.05,,2004-12,0.18,,0.1709,1.05,86.22M,86.22M,0.23,,2004-12,,
2004-09,421.49M,421.49M,120.04M,301.45M,40.64M,1.471M,,,,99.97M,183.07M,118.38M,,,1.471M,,88.34M,27.97M,60.37M,,,,0.242M,60.37M,59.36M,118.38M,,2004-09,0.70,0.00,0.6883,0.70,,2004-09,0.69,,0.6785,0.69,86.06M,87.14M,0.19,,2004-09,,
2004-06,358.43M,358.43M,99.09M,259.34M,42.06M,-16.30M,,,,101.53M,185.85M,73.48M,,,-16.30M,,19.92M,5.936M,13.98M,,,,0.242M,13.98M,25.42M,73.48M,,2004-06,0.16,0.00,0.2933,0.16,,2004-06,0.16,,0.2933,0.16,85.83M,85.83M,0.19,,2004-06,,
2004-03,340.26M,340.26M,101.76M,238.50M,40.97M,-0.70M,,,,98.96M,181.85M,56.65M,,,-0.70M,,12.52M,3.733M,8.791M,6.888M,,,0.242M,15.68M,9.282M,56.65M,,2004-03,0.12,0.09,0.1267,0.21,,2004-03,0.12,,0.1267,0.21,73.61M,73.61M,0.19,,2004-03,,
2003-12,331.66M,331.66M,90.27M,241.39M,41.93M,-44.80M,,,,-3.294M,80.44M,160.95M,,,-44.80M,,67.58M,27.16M,40.42M,-26.45M,,,0.282M,13.97M,67.30M,160.95M,,2003-12,0.56,-0.37,0.9291,0.19,,2003-12,0.56,,0.9268,0.19,72.82M,73.29M,0.19,,2003-12,,
2003-09,438.17M,438.17M,121.43M,316.73M,35.67M,23.29M,,,,86.36M,163.83M,152.90M,,,23.29M,,118.70M,38.12M,80.58M,-1.617B,,,0.216M,-1.536B,64.77M,152.90M,,2003-09,1.11,-2.23,0.8921,-1.12,,2003-09,1.09,,0.8721,-1.12,72.57M,72.57M,0.19,,2003-09,,
2003-06,345.88M,345.88M,88.71M,257.18M,40.19M,8.159M,,,,95.13M,177.56M,79.62M,,,8.159M,,29.22M,7.412M,21.81M,6.378M,,,0.242M,28.18M,15.72M,79.62M,,2003-06,0.30,0.09,0.2157,0.39,,2003-06,0.29,,0.2072,0.38,72.21M,73.53M,0.19,,2003-06,,
2003-03,345.43M,345.43M,89.90M,255.54M,43.04M,12.16M,,,,94.35M,178.78M,76.75M,,,12.16M,,29.18M,9.081M,20.10M,103.82M,,,0.227M,123.92M,11.72M,76.75M,,2003-03,0.28,1.44,0.1637,1.72,,2003-03,0.28,,0.1642,1.71,72.04M,72.34M,0.19,,2003-03,,
2002-12,331.05M,331.05M,83.32M,247.74M,72.67M,21.20M,,,,95.43M,209.65M,38.08M,,,21.20M,,-1.543M,-29.62M,28.08M,-127.40M,,,0.415M,-99.32M,15.36M,38.08M,,2002-12,0.39,-1.74,0.2144,-1.35,,2002-12,0.3869,,0.2114,-1.395,72.47M,72.47M,0.30,,2002-12,,
2002-09,442.14M,442.14M,114.63M,327.52M,37.32M,-22.19M,,,,93.10M,171.42M,156.10M,,,-22.19M,,72.03M,25.31M,46.72M,-3.155M,,,0.265M,43.57M,61.12M,156.10M,,2002-09,0.65,-0.04,0.8515,0.61,,2002-09,0.64,,0.8397,0.60,71.44M,72.06M,0.30,,2002-09,,
2002-06,505.13M,505.13M,205.23M,299.89M,78.19M,10.68M,,,,97.63M,243.03M,56.86M,,,10.68M,,-1.746M,-6.779M,5.033M,-1.343M,,-0.266M,0.231M,9.275M,-1.377M,56.86M,,2002-06,0.09,-0.02,0.0005,0.18,,2002-06,0.09,0.0780,0.0005,0.18,71.65M,71.65M,0.30,,2002-06,,
2002-03,317.24M,317.24M,88.49M,228.75M,64.99M,28.81M,,,,93.39M,206.48M,22.27M,,,28.81M,,-0.628M,-6.387M,5.759M,-752.28M,,,,-746.53M,-11.53M,22.27M,,2002-03,0.08,-10.54,-0.1622,-10.46,,2002-03,0.08,,-0.1622,-10.46,71.37M,71.37M,0.30,,2002-03,,
2001-12,-38.27M,-38.27M,-22.69M,-15.58M,-69.44M,1.559M,,,,75.35M,-115.50M,99.92M,,,1.559M,,74.45M,7.066M,67.38M,-98.50M,0.00,,0.123M,-31.12M,65.97M,99.92M,,2001-12,0.96,-1.13,0.9402,-0.44,,2001-12,0.96,,0.9402,-0.44,71.09M,71.09M,0.30,,2001-12,,
2001-09,513.49M,513.49M,157.69M,355.80M,82.41M,22.94M,,,,79.96M,265.34M,90.46M,,,22.94M,,50.01M,13.86M,36.14M,-0.168M,,3.225M,0.207M,35.98M,19.56M,90.46M,,2001-09,0.51,0.00,0.2756,0.51,,2001-09,0.50,,0.2656,0.50,70.74M,70.74M,0.30,,2001-09,,
2001-06,520.83M,520.83M,236.66M,284.16M,83.11M,-2.49M,,,,106.48M,291.82M,-7.653M,,,-2.49M,,-70.31M,-34.35M,-35.96M,-0.054M,,4.451M,0.282M,-30.19M,-34.47M,-7.653M,,2001-06,-0.51,0.08,-0.4888,-0.43,,2001-06,-0.51,0.0827,-0.4888,-0.43,70.41M,70.41M,0.30,,2001-06,,
2001-03,560.74M,560.74M,269.60M,291.14M,78.87M,10.11M,,,,92.68M,274.04M,17.09M,,,10.11M,,-38.23M,-19.04M,-19.19M,,18.69M,1.271M,0.282M,4.45M,-25.25M,17.09M,,2001-03,-0.28,0.34,-0.3662,0.06,,2001-03,-0.28,0.0703,-0.3662,0.06,70.36M,70.36M,0.30,,2001-03,,
2000-12,580.61M,580.61M,282.15M,298.46M,96.57M,23.32M,,,,84.25M,285.91M,12.55M,,,23.32M,,-32.18M,-5.874M,-26.31M,,0.00,4.288M,0.283M,-19.62M,-45.37M,12.55M,,2000-12,-0.40,0.10,-0.6723,-0.30,,2000-12,-0.40,0.0939,-0.6723,-0.30,69.99M,69.99M,0.30,,2000-12,,
2000-09,759.56M,759.56M,364.03M,395.53M,84.20M,16.77M,,,,84.94M,274.53M,121.00M,,,16.77M,,66.54M,12.55M,53.99M,,,3.661M,0.282M,60.71M,40.38M,121.00M,,2000-09,0.78,0.18,0.5839,0.96,,2000-09,0.77,0.0968,0.5739,0.95,69.38M,69.38M,0.30,,2000-09,,
2000-06,546.61M,546.61M,214.72M,331.89M,76.92M,33.75M,,,,82.65M,267.67M,64.22M,,,33.75M,,26.72M,3.158M,23.56M,,,1.059M,0.282M,40.91M,-6.199M,64.22M,,2000-06,0.34,0.25,-0.0931,0.59,,2000-06,0.34,0.2524,-0.0931,0.59,68.73M,68.73M,0.30,,2000-06,,
2000-03,481.70M,481.70M,174.94M,306.76M,84.92M,118.58M,,,,86.21M,278.90M,27.86M,,,118.58M,,76.03M,36.23M,39.80M,,-3.81M,-0.383M,,54.48M,-31.35M,27.86M,,2000-03,0.61,0.27,-0.4404,0.88,,2000-03,0.61,0.2730,-0.4404,0.88,67.73M,67.73M,0.535,,2000-03,,
1999-12,444.39M,444.39M,126.35M,318.04M,93.11M,1.813M,,,,194.12M,390.29M,-72.25M,,,1.813M,,-140.24M,-54.60M,-85.65M,,,4.20M,,-73.90M,-86.75M,-72.25M,,1999-12,-1.29,0.18,-1.307,-1.11,,1999-12,-1.29,,-1.306,-1.11,66.34M,67.33M,0.535,,1999-12,,
1999-09,649.00M,649.00M,232.80M,416.20M,100.60M,10.30M,,,,67.50M,298.20M,118.00M,,,10.30M,,59.00M,10.00M,49.00M,,,6.50M,,49.00M,40.45M,118.00M,,1999-09,0.72,0.00,0.5943,0.72,,1999-09,0.72,,0.5943,0.72,68.06M,68.06M,0.535,,1999-09,,
1999-06,476.10M,476.10M,151.70M,324.40M,75.00M,15.50M,,,,84.50M,246.30M,78.10M,,,15.50M,,21.30M,2.80M,18.50M,,,1.10M,,18.50M,5.038M,78.10M,,1999-06,0.27,0.00,0.0735,0.27,,1999-06,0.27,,0.0735,0.27,68.52M,68.52M,0.535,,1999-06,,
1999-03,460.60M,460.60M,147.90M,312.70M,71.90M,22.50M,,,,79.10M,234.80M,77.90M,,,22.50M,,30.30M,9.60M,20.70M,,,0.70M,,20.70M,5.329M,77.90M,,1999-03,0.31,0.00,0.0798,0.31,,1999-03,0.31,,0.0798,0.31,66.77M,66.77M,0.535,,1999-03,,
1998-12,487.05M,487.05M,176.06M,311.00M,91.51M,-26.57M,,,,194.52M,381.36M,-70.36M,,,-26.57M,,-155.49M,-58.84M,-96.64M,,,3.262M,,-96.65M,-80.13M,-70.36M,,1998-12,-1.38,0.00,-1.140,-1.38,,1998-12,-1.38,-0.0006,-1.162,-1.38,68.93M,75.85M,0.535,,1998-12,,
1998-09,701.40M,701.40M,336.00M,365.40M,54.50M,15.50M,,,,82.40M,209.10M,156.30M,,,15.50M,,112.20M,40.80M,71.40M,,,-0.20M,,71.40M,61.54M,156.30M,,1998-09,1.10,0.00,0.9480,1.10,,1998-09,1.10,,0.9480,1.10,64.91M,64.91M,0.535,,1998-09,,
1998-06,463.30M,463.30M,172.00M,291.30M,68.60M,29.00M,,,,81.80M,219.00M,72.30M,,,29.00M,,46.10M,16.70M,29.40M,,,-0.20M,,31.00M,10.91M,72.30M,,1998-06,0.48,0.02,0.1817,0.50,,1998-06,0.48,0.0258,0.1817,0.50,62.00M,62.00M,0.535,,1998-06,,
