,OperatingRevenue,Revenue,CostofGoodsSold,GrossProfit,GeneralandAdministrativeExpense,SG&AExpense,IncomeStatementDepreciation,SpecialIncomeandCharges,OperatingInterestExpense,OperatingInterestIncome,NetOperatingInterestIncome,OtherOperatingExpenses,TotalOperatingExpenses,OperatingIncome,Non-OperatingInterestIncome,Non-OperatingInterestExpense,NetNon-OperatingInterestIncomeExpense,OtherIncomeandExpenses,NetInterestIncome,Pre-TaxIncome,ProvisionforIncomeTaxes,IncomefromContinuingOperations,IncomefromDiscontinuedOperations,"ExtraordinaryItems,IncomeStatement",IncomeAttributabletoMinorityInterest,NormalizedIncome,EBITDA,ReconciledDepreciation,EBIT,,EPSBasicfromDiscontinuedOperations,EPSBasicfromExtraordinaries,NormalizedBasicEPS,EPSBasic,,EPSDilutedfromDiscontinuedOperations,EPSDilutedfromExtraordinaries,NormalizedDilutedEPS,SharesData(Quarterly),AverageBasicSharesOutstanding,AverageDilutedSharesOutstanding,DividendPerShare,,SECFilingLinks,AsOriginallyReported,Restated
2020-09,6.116B,6.116B,3.634B,2.482B,1.391B,1.391B,,-75.00M,259.00M,14.00M,-245.00M,,1.489B,993.00M,14.00M,259.00M,-245.00M,-77.00M,-245.00M,671.00M,38.00M,624.00M,3.00M,,-12.00M,683.67M,1.028B,98.00M,930.00M,,0.01,,1.106,1.00,,0.01,,1.106,2020-09,616.00M,618.00M,0.24,,2020-09,AOR,
2020-06,6.275B,6.275B,3.485B,2.79B,,1.222B,,-261.00M,263.00M,11.00M,-252.00M,,1.346B,1.444B,11.00M,263.00M,-252.00M,-255.00M,-252.00M,937.00M,202.00M,723.00M,3.00M,,-245.00M,682.62M,1.324B,124.00M,1.20B,,0.00,,1.113,0.78,,0.00,,1.102,2020-06,615.00M,617.00M,0.24,,2020-06,AOR,
2020-03,6.669B,6.669B,4.065B,2.604B,,1.341B,,-233.00M,241.00M,14.00M,-227.00M,,1.454B,1.15B,14.00M,241.00M,-227.00M,-266.00M,-227.00M,657.00M,137.00M,511.00M,8.00M,,-3.00M,692.30M,1.011B,113.00M,898.00M,,0.01,,1.130,0.84,,0.01,,1.119,2020-03,614.00M,616.00M,0.24,,2020-03,AOR,
2019-12,6.871B,6.871B,4.806B,2.065B,1.41B,1.41B,,-468.00M,239.00M,13.00M,-226.00M,,1.53B,535.00M,13.00M,239.00M,-226.00M,-578.00M,-226.00M,-269.00M,0.00,-269.00M,15.00M,,-4.00M,156.00M,90.00M,120.00M,-30.00M,,0.02,,0.2576,-0.42,,0.02,,0.2553,2019-12,615.00M,617.00M,0.24,,2019-12,AOR,
2019-09,6.698B,6.698B,3.959B,2.739B,1.50B,1.50B,,-122.00M,246.00M,19.00M,-227.00M,,1.608B,1.131B,19.00M,246.00M,-227.00M,-122.00M,-227.00M,782.00M,126.00M,642.00M,4.00M,,-16.00M,728.36M,1.136B,108.00M,1.028B,,0.01,,1.186,1.02,,0.01,,1.176,2019-09,615.00M,617.00M,0.18,,2019-09,AOR,Restated
2019-06,7.143B,7.143B,4.21B,2.933B,,1.371B,,-7.00M,237.00M,15.00M,-222.00M,,1.48B,1.453B,15.00M,237.00M,-222.00M,8.00M,-222.00M,1.239B,241.00M,977.00M,6.00M,,-6.00M,976.64M,1.585B,109.00M,1.476B,,0.01,,1.589,1.59,,0.01,,1.579,2019-06,615.00M,617.00M,0.18,,2019-06,AOR,Restated
2019-03,7.10B,7.10B,4.248B,2.852B,,1.313B,,371.00M,240.00M,19.00M,-221.00M,,1.419B,1.433B,19.00M,240.00M,-221.00M,381.00M,-221.00M,1.593B,-376.00M,1.951B,13.00M,,-5.00M,1.647B,1.939B,106.00M,1.833B,,0.02,,2.683,3.20,,0.02,,2.666,2019-03,613.00M,617.00M,0.18,,2019-03,AOR,Restated
2018-12,16.76B,16.76B,9.411B,7.349B,3.601B,3.601B,,-382.00M,681.00M,36.00M,-645.00M,,3.866B,3.483B,36.00M,681.00M,-645.00M,-477.00M,-645.00M,2.361B,305.00M,2.061B,,,,2.357B,3.307B,265.00M,3.042B,,0.00,,2.392,1.50,,0.00,,2.382,2018-12,373.00M,373.00M,0.18,,2018-12,AOR,Restated
2018-09,3.263B,3.263B,1.922B,1.341B,549.00M,549.00M,,-46.00M,115.00M,12.00M,-103.00M,,605.00M,736.00M,12.00M,115.00M,-103.00M,-63.00M,-103.00M,570.00M,64.00M,488.00M,,,,528.85M,741.00M,56.00M,685.00M,,,,1.409,1.30,,,,1.398,2018-09,375.00M,379.00M,0.18,,2018-09,AOR,Restated
2018-06,3.466B,3.466B,2.184B,1.282B,532.00M,532.00M,,-35.00M,116.00M,14.00M,-102.00M,,588.00M,694.00M,14.00M,116.00M,-102.00M,-59.00M,-102.00M,533.00M,113.00M,400.00M,,,,427.58M,705.00M,56.00M,649.00M,,,,1.133,1.06,,,,1.122,2018-06,378.00M,381.00M,0.18,,2018-06,AOR,Restated
2018-03,3.761B,3.761B,2.40B,1.361B,524.00M,524.00M,,-9.00M,118.00M,17.00M,-101.00M,,580.00M,781.00M,17.00M,118.00M,-101.00M,-20.00M,-101.00M,660.00M,135.00M,511.00M,,,,518.16M,834.00M,56.00M,778.00M,,,,1.359,1.34,,,,1.339,2018-03,382.00M,386.00M,0.18,,2018-03,AOR,Restated
2017-12,16.76B,16.76B,9.543B,7.221B,3.988B,3.988B,,140.00M,752.00M,42.00M,-710.00M,,4.265B,2.956B,42.00M,752.00M,-710.00M,81.00M,-710.00M,2.327B,325.00M,2.051B,-76.00M,,,1.879B,3.356B,277.00M,3.079B,,-0.21,,-0.2145,-0.10,,-0.21,,-0.2145,2017-12,383.00M,383.00M,0.18,,2017-12,AOR,Restated
2017-09,3.171B,3.171B,1.862B,1.309B,525.00M,525.00M,,-5.00M,116.00M,17.00M,-99.00M,,580.00M,729.00M,17.00M,116.00M,-99.00M,-24.00M,-99.00M,606.00M,172.00M,418.00M,174.00M,,,421.58M,777.00M,55.00M,722.00M,,0.43,,1.049,1.48,,0.43,,1.039,2017-09,401.00M,406.00M,0.18,,2017-09,AOR,Restated
2017-06,3.373B,3.257B,2.004B,1.253B,507.00M,507.00M,,,111.00M,15.00M,-96.00M,,563.00M,690.00M,15.00M,111.00M,-96.00M,-16.00M,-96.00M,578.00M,169.00M,397.00M,-339.00M,,,397.00M,745.00M,56.00M,689.00M,,-0.84,,0.98,0.14,,-0.84,,0.97,2017-06,405.00M,410.00M,0.18,,2017-06,AOR,Restated
2017-03,3.343B,3.343B,2.074B,1.269B,488.00M,488.00M,,,109.00M,13.00M,-96.00M,,543.00M,726.00M,13.00M,109.00M,-96.00M,-21.00M,-96.00M,609.00M,138.00M,454.00M,-706.00M,,,454.00M,773.00M,55.00M,718.00M,,-1.72,,1.11,-0.61,,-1.72,,1.09,2017-03,410.00M,416.00M,0.18,,2017-03,AOR,Restated
2016-12,3.518B,3.518B,2.138B,1.38B,731.00M,731.00M,,-38.00M,107.00M,10.00M,-97.00M,0.00,788.00M,592.00M,10.00M,107.00M,-97.00M,-113.00M,-97.00M,382.00M,104.00M,271.00M,-384.00M,,,298.65M,546.00M,57.00M,489.00M,,-0.91,,0.7054,-0.27,,-0.91,,0.6948,2016-12,423.00M,427.00M,0.18,,2016-12,AOR,Restated
2016-09,3.084B,3.084B,1.788B,1.296B,521.00M,521.00M,,0.00,104.00M,7.00M,-97.00M,,575.00M,721.00M,7.00M,104.00M,-97.00M,,-97.00M,624.00M,145.00M,466.00M,12.00M,,,466.00M,782.00M,54.00M,728.00M,,0.03,,1.05,1.08,,0.03,,1.04,2016-09,442.00M,446.00M,0.18,,2016-09,AOR,Restated
2016-06,2.976B,2.976B,1.758B,1.218B,510.00M,510.00M,,,100.00M,8.00M,-92.00M,,567.00M,651.00M,8.00M,100.00M,-92.00M,-4.00M,-92.00M,555.00M,173.00M,373.00M,50.00M,,,373.00M,712.00M,57.00M,655.00M,,0.11,,0.83,0.94,,0.11,,0.82,2016-06,451.00M,455.00M,0.15,,2016-06,AOR,Restated
2016-03,3.588B,3.588B,2.272B,1.316B,503.00M,503.00M,,,100.00M,7.00M,-93.00M,-9.00M,551.00M,765.00M,7.00M,100.00M,-93.00M,-3.00M,-93.00M,669.00M,206.00M,442.00M,31.00M,,,442.00M,826.00M,57.00M,769.00M,,0.07,,0.96,1.03,,0.07,,0.95,2016-03,459.00M,464.00M,0.15,,2016-03,AOR,Restated
2015-12,2.695B,2.695B,2.02B,675.00M,171.00M,171.00M,,10.00M,103.00M,6.00M,-97.00M,-120.00M,87.00M,588.00M,6.00M,103.00M,-97.00M,7.00M,-97.00M,498.00M,97.00M,402.00M,,,,393.95M,637.00M,36.00M,601.00M,,0.02,,0.5228,0.56,,0.02,,0.5129,2015-12,469.00M,471.00M,0.15,,2015-12,AOR,Restated
2015-09,3.257B,3.257B,1.842B,1.415B,597.00M,597.00M,,,102.00M,6.00M,-96.00M,,662.00M,753.00M,6.00M,102.00M,-96.00M,-4.00M,-96.00M,653.00M,211.00M,426.00M,,,,426.00M,820.00M,65.00M,755.00M,,0.00,,0.89,0.89,,0.00,,0.88,2015-09,480.00M,484.00M,0.15,,2015-09,AOR,Restated
2015-06,3.219B,3.219B,1.907B,1.312B,605.00M,605.00M,,-55.00M,94.00M,7.00M,-87.00M,,671.00M,641.00M,7.00M,94.00M,-87.00M,-51.00M,-87.00M,503.00M,165.00M,332.00M,,,,368.96M,663.00M,66.00M,597.00M,,,,0.7554,0.68,,,,0.7447,2015-06,490.00M,495.00M,0.15,,2015-06,AOR,Restated
2015-03,3.50B,3.50B,2.142B,1.358B,588.00M,588.00M,,,93.00M,5.00M,-88.00M,-19.00M,637.00M,721.00M,5.00M,93.00M,-88.00M,-23.00M,-88.00M,610.00M,203.00M,394.00M,,,,394.00M,771.00M,68.00M,703.00M,,,,0.79,0.79,,,,0.78,2015-03,498.00M,506.00M,0.15,,2015-03,AOR,Restated
2014-12,2.394B,2.394B,1.834B,560.00M,178.00M,178.00M,,59.00M,87.00M,3.00M,-84.00M,,218.00M,342.00M,3.00M,87.00M,-84.00M,39.00M,-84.00M,297.00M,98.00M,199.00M,214.00M,,,159.47M,424.00M,40.00M,384.00M,,0.02,,0.7031,0.80,,0.02,,0.6943,2014-12,514.00M,522.00M,0.15,,2014-12,AOR,Restated
2014-09,3.367B,3.367B,1.936B,1.431B,617.00M,617.00M,,-430.00M,89.00M,4.00M,-85.00M,,685.00M,746.00M,4.00M,89.00M,-85.00M,-451.00M,-85.00M,210.00M,110.00M,72.00M,1.567B,,,351.50M,367.00M,68.00M,299.00M,,2.95,,0.6654,3.08,,2.90,,0.6466,2014-09,532.00M,541.00M,0.15,,2014-09,AOR,Restated
2014-06,3.188B,3.188B,1.798B,1.39B,589.00M,589.00M,,0.00,94.00M,3.00M,-91.00M,,660.00M,730.00M,3.00M,94.00M,-91.00M,6.00M,-91.00M,645.00M,217.00M,418.00M,21.00M,,,418.00M,810.00M,71.00M,739.00M,,0.04,,0.73,0.77,,0.04,,0.72,2014-06,570.00M,581.00M,0.12,,2014-06,AOR,Restated
2014-03,3.57B,3.57B,2.121B,1.449B,587.00M,587.00M,,,93.00M,3.00M,-90.00M,,658.00M,791.00M,3.00M,93.00M,-90.00M,5.00M,-90.00M,706.00M,234.00M,462.00M,6.00M,,,462.00M,870.00M,71.00M,799.00M,,0.01,,0.79,0.80,,0.01,,0.77,2014-03,585.00M,600.00M,0.12,,2014-03,AOR,Restated
2013-12,3.571B,3.571B,2.122B,1.449B,641.00M,641.00M,,-20.00M,94.00M,2.00M,-92.00M,,714.00M,735.00M,2.00M,94.00M,-92.00M,-11.00M,-92.00M,632.00M,200.00M,422.00M,48.00M,,,435.67M,799.00M,73.00M,726.00M,,0.01,,0.8028,0.78,,0.01,,0.7822,2013-12,599.00M,615.00M,0.12,,2013-12,AOR,Restated
2013-09,3.302B,3.302B,1.801B,1.501B,667.00M,667.00M,,0.00,93.00M,2.00M,-91.00M,,737.00M,764.00M,2.00M,93.00M,-91.00M,6.00M,-91.00M,679.00M,226.00M,431.00M,63.00M,,,431.00M,842.00M,70.00M,772.00M,,0.10,,0.71,0.82,,0.10,,0.70,2013-09,603.00M,618.00M,0.12,,2013-09,AOR,Restated
2013-06,3.369B,3.369B,1.892B,1.477B,629.00M,629.00M,,,94.00M,2.00M,-92.00M,,702.00M,775.00M,2.00M,94.00M,-92.00M,-6.00M,-92.00M,677.00M,234.00M,435.00M,37.00M,,,435.00M,844.00M,31.00M,771.00M,,0.06,,0.71,0.78,,0.06,,0.70,2013-06,609.00M,624.00M,0.12,,2013-06,AOR,Restated
2013-03,4.04B,4.04B,2.474B,1.566B,650.00M,650.00M,,,95.00M,2.00M,-93.00M,,766.00M,800.00M,2.00M,95.00M,-93.00M,-2.00M,-93.00M,705.00M,234.00M,463.00M,-20.00M,,,463.00M,916.00M,116.00M,800.00M,,-0.03,,0.75,0.71,,-0.03,,0.73,2013-03,621.00M,638.00M,0.12,,2013-03,AOR,Restated
2012-12,2.429B,2.429B,1.447B,982.00M,490.00M,490.00M,,-19.00M,93.00M,1.00M,-92.00M,,442.00M,540.00M,1.00M,93.00M,-92.00M,-17.00M,-92.00M,431.00M,147.00M,277.00M,116.00M,,,289.52M,476.00M,-48.00M,524.00M,,-0.02,,0.6598,0.62,,-0.02,,0.6393,2012-12,633.00M,650.00M,0.12,,2012-12,AOR,Restated
2012-09,3.266B,3.266B,1.717B,1.549B,645.00M,645.00M,,-57.00M,94.00M,1.00M,-93.00M,,761.00M,788.00M,1.00M,94.00M,-93.00M,-60.00M,-93.00M,635.00M,236.00M,385.00M,6.00M,,,420.82M,845.00M,116.00M,729.00M,,0.01,,0.6560,0.61,,0.01,,0.6446,2012-09,640.00M,656.00M,0.12,,2012-09,AOR,Restated
2012-06,3.329B,3.329B,1.753B,1.576B,665.00M,665.00M,,0.00,104.00M,1.00M,-103.00M,,784.00M,792.00M,1.00M,104.00M,-103.00M,3.00M,-103.00M,692.00M,228.00M,452.00M,-25.00M,,,452.00M,915.00M,119.00M,796.00M,,-0.04,,0.70,0.66,,-0.04,,0.68,2012-06,646.00M,661.00M,0.10,,2012-06,AOR,Restated
2012-03,3.796B,3.796B,2.347B,1.449B,642.00M,642.00M,,14.00M,110.00M,2.00M,-108.00M,,761.00M,688.00M,2.00M,110.00M,-108.00M,19.00M,-108.00M,599.00M,201.00M,394.00M,-31.00M,,,384.70M,828.00M,119.00M,709.00M,,-0.05,,0.5957,0.56,,-0.05,,0.5761,2012-03,650.00M,667.00M,0.10,,2012-03,AOR,Restated
2011-12,3.176B,3.176B,1.766B,1.41B,,539.00M,,-36.00M,105.00M,1.00M,-104.00M,,622.00M,788.00M,1.00M,105.00M,-104.00M,-47.00M,-104.00M,637.00M,182.00M,456.00M,,,,481.71M,825.00M,83.00M,742.00M,,-0.13,,0.7293,0.57,,-0.13,,0.7184,2011-12,655.00M,669.00M,0.10,,2011-12,AOR,Restated
2011-09,3.365B,3.365B,1.81B,1.555B,,718.00M,,-21.00M,110.00M,2.00M,-108.00M,,852.00M,703.00M,2.00M,110.00M,-108.00M,-21.00M,-108.00M,574.00M,217.00M,338.00M,,,,351.06M,818.00M,134.00M,684.00M,,0.00,,0.5298,0.51,,0.00,,0.5194,2011-09,659.00M,675.00M,0.10,,2011-09,AOR,Restated
2011-06,3.586B,3.586B,2.03B,1.556B,,683.00M,,5.00M,110.00M,1.00M,-109.00M,,822.00M,734.00M,1.00M,110.00M,-109.00M,5.00M,-109.00M,630.00M,230.00M,395.00M,,,,391.83M,879.00M,139.00M,740.00M,,0.00,,0.5853,0.59,,0.00,,0.5754,2011-06,669.00M,686.00M,0.10,,2011-06,AOR,Restated
2011-03,3.51B,3.51B,2.276B,1.234B,,658.00M,,9.00M,110.00M,2.00M,-108.00M,,797.00M,437.00M,2.00M,110.00M,-108.00M,9.00M,-108.00M,338.00M,122.00M,202.00M,,,,196.25M,587.00M,139.00M,448.00M,,0.00,,0.2915,0.30,,0.00,,0.2817,2011-03,674.00M,693.00M,0.05,,2011-03,AOR,Restated
2010-12,3.307B,3.307B,1.955B,1.352B,,553.00M,,-33.00M,128.00M,1.00M,-127.00M,,629.00M,723.00M,1.00M,128.00M,-127.00M,-24.00M,-127.00M,572.00M,187.00M,381.00M,,,,403.21M,776.00M,76.00M,700.00M,,-0.14,,0.5926,0.42,,-0.14,,0.5719,2010-12,682.00M,697.00M,0.05,,2010-12,AOR,Restated
2010-09,3.297B,3.297B,1.916B,1.381B,,624.00M,,17.00M,127.00M,1.00M,-126.00M,,763.00M,618.00M,1.00M,127.00M,-126.00M,17.00M,-126.00M,509.00M,179.00M,317.00M,,,,305.98M,775.00M,139.00M,636.00M,,0.00,,0.4538,0.47,,0.00,,0.4441,2010-09,679.00M,694.00M,0.05,,2010-09,AOR,
2010-06,3.331B,3.331B,2.077B,1.254B,,673.00M,,-57.00M,134.00M,2.00M,-132.00M,,817.00M,437.00M,2.00M,134.00M,-132.00M,-57.00M,-132.00M,248.00M,91.00M,150.00M,,,,186.08M,526.00M,144.00M,382.00M,,0.00,,0.2731,0.22,,0.00,,0.2721,2010-06,679.00M,693.00M,0.05,,2010-06,AOR,Restated
2010-03,3.531B,3.531B,2.564B,967.00M,,616.00M,,-67.00M,138.00M,1.00M,-137.00M,,757.00M,210.00M,1.00M,138.00M,-137.00M,-67.00M,-137.00M,6.00M,21.00M,-26.00M,,,,17.55M,285.00M,141.00M,144.00M,,0.00,,0.0244,-0.04,,0.00,,0.0244,2010-03,676.00M,676.00M,0.05,,2010-03,AOR,Restated
2009-12,3.498B,3.498B,2.270B,1.228B,,646.10M,,-193.70M,139.50M,1.70M,-137.80M,,793.50M,435.00M,1.70M,139.50M,-137.80M,-193.70M,-137.80M,103.50M,37.40M,58.80M,,,,182.51M,390.40M,147.40M,243.00M,,0.00,,0.2733,0.09,,0.00,,0.2593,2009-12,674.80M,690.10M,0.05,,2009-12,AOR,Restated
2009-09,3.35B,3.35B,2.132B,1.218B,,620.40M,,-16.70M,135.40M,1.60M,-133.80M,,767.80M,449.90M,1.60M,135.40M,-133.80M,-16.70M,-133.80M,299.40M,79.70M,207.60M,,,,219.85M,582.20M,147.40M,434.80M,,0.00,,0.3282,0.31,,0.00,,0.3179,2009-09,674.80M,685.10M,0.05,,2009-09,AOR,Restated
2009-06,3.006B,3.006B,1.984B,1.022B,,625.70M,,-42.80M,133.90M,1.10M,-132.80M,,770.90M,251.00M,1.10M,133.90M,-132.80M,-42.80M,-132.80M,75.40M,56.90M,15.40M,,,,43.22M,354.50M,145.20M,209.30M,,0.00,,0.0613,0.02,,0.00,,0.0609,2009-06,673.40M,680.20M,0.05,,2009-06,AOR,Restated
2009-03,3.160B,3.160B,2.313B,846.80M,,596.20M,,-12.70M,133.20M,1.60M,-131.60M,,738.50M,108.30M,1.60M,133.20M,-131.60M,-12.70M,-131.60M,-35.30M,8.80M,-55.30M,,,,-47.04M,240.20M,142.30M,97.90M,,0.00,,-0.0677,-0.08,,0.00,,-0.0677,2009-03,671.50M,671.50M,0.05,,2009-03,AOR,Restated
2008-12,3.527B,3.527B,2.252B,1.275B,,678.60M,,-142.90M,,,,,-13.29B,14.56B,,,,-128.50M,,167.00M,28.60M,136.10M,,,,254.53M,525.70M,150.70M,375.00M,,0.00,,0.3865,0.21,,0.00,,0.3865,2008-12,671.00M,671.00M,0.27,,2008-12,AOR,Restated
2008-09,3.376B,3.376B,2.050B,1.326B,,680.80M,,-14.16B,,,,14.12B,14.94B,-13.61B,,,,-14.17B,,-13.79B,-1.332B,-12.46B,,,-0.50M,333.72M,-13.47B,139.70M,-13.61B,,0.00,,0.4928,-18.58,,0.00,,0.4928,2008-09,670.90M,670.90M,0.27,,2008-09,,
2008-06,3.394B,3.394B,1.962B,1.431B,,668.40M,,122.30M,,,,,791.80M,639.60M,,,,121.10M,,642.80M,232.90M,408.40M,,,-0.30M,330.41M,763.00M,123.40M,639.60M,,0.00,,0.4935,0.61,,0.00,,0.4943,2008-06,669.40M,674.30M,0.27,,2008-06,,
2008-03,3.654B,3.654B,2.386B,1.268B,,580.90M,,-45.10M,,,,,698.70M,569.10M,,,,-52.30M,,402.90M,151.30M,244.30M,,,-0.10M,272.46M,686.90M,117.80M,569.10M,,0.00,,0.4122,0.37,,0.00,,0.4018,2008-03,667.90M,673.80M,0.25,,2008-03,,
2007-12,3.759B,3.759B,2.236B,1.522B,,698.30M,,-28.50M,,,,,817.50M,704.80M,,,,-8.70M,,545.40M,211.10M,273.10M,13.10M,,,290.57M,906.10M,119.20M,786.90M,,0.02,,0.4260,0.43,,0.02,,0.4258,2007-12,671.20M,678.10M,0.25,,2007-12,,Restated
2007-09,3.281B,3.281B,1.855B,1.426B,,668.80M,,-8.30M,,,,,780.60M,645.80M,,,,-21.30M,,525.80M,172.50M,340.20M,3.10M,,-0.10M,345.78M,757.60M,111.80M,645.80M,,0.00,,0.4879,0.49,,0.00,,0.4878,2007-09,707.10M,715.40M,0.25,,2007-09,,
2007-06,3.375B,3.375B,1.842B,1.533B,,673.50M,,4.30M,,,,,783.00M,749.90M,,,,-0.60M,,642.50M,233.70M,404.00M,,,0.10M,401.26M,859.40M,109.50M,749.90M,,0.00,,0.5562,0.56,,0.00,,0.5462,2007-06,720.80M,729.40M,0.22,,2007-06,,
2007-03,3.658B,3.658B,2.396B,1.262B,,625.50M,,-1.50M,,,,,740.70M,521.30M,,,,-3.40M,,419.30M,204.20M,213.50M,,,0.30M,214.48M,636.50M,115.20M,521.30M,,0.00,,0.2813,0.28,,0.00,,0.2813,2007-03,756.70M,765.10M,0.22,,2007-03,,
2006-12,3.883B,3.883B,2.301B,1.582B,,721.60M,,-52.20M,,,,,900.20M,681.50M,,,,-146.10M,,593.80M,164.60M,335.00M,0.00,,-0.30M,372.73M,800.30M,118.80M,681.50M,,0.00,,0.4892,0.44,,0.00,,0.4786,2006-12,767.30M,776.60M,0.20,,2006-12,,
2006-09,3.379B,3.379B,1.922B,1.457B,,701.00M,,-9.20M,,,,,810.50M,646.40M,,,,-15.30M,,538.50M,208.40M,323.60M,-6.70M,,-0.40M,329.24M,755.90M,109.50M,646.40M,,-0.01,,0.4274,0.41,,-0.01,,0.4273,2006-09,766.00M,774.20M,0.20,,2006-09,,
2006-06,3.483B,3.483B,1.910B,1.573B,,714.10M,,-17.20M,,,,,822.70M,750.30M,,,,-20.20M,,610.80M,118.00M,489.80M,291.90M,,,503.68M,858.90M,93.50M,750.30M,,0.38,,0.6582,1.02,,0.38,,0.6580,2006-06,764.60M,769.60M,0.18,,2006-06,,
2006-03,3.575B,3.575B,2.292B,1.284B,,647.60M,,-6.90M,,,,,755.60M,528.20M,,,,-0.90M,,389.60M,161.20M,234.50M,-7.60M,,0.10M,238.64M,651.30M,123.10M,528.20M,,-0.01,,0.3154,0.30,,-0.01,,0.3154,2006-03,762.80M,766.70M,0.16,,2006-03,,
2005-12,3.789B,3.789B,2.305B,1.484B,,709.20M,,,,,,,10.31B,-8.826B,,,,,,-9.039B,177.60M,-9.232B,95.60M,,-0.20M,-9.232B,-8.702B,124.80M,-8.826B,,0.14,,-11.68,-11.54,,0.14,,-11.68,2005-12,761.20M,761.20M,0.28,,2005-12,,
2005-09,3.372B,3.372B,1.949B,1.423B,,692.00M,,,,,,,800.90M,622.20M,,,,,,463.30M,210.90M,256.90M,451.60M,,-0.10M,256.90M,731.10M,108.90M,622.20M,,0.58,,0.33,0.90,,0.57,,0.33,2005-09,785.10M,789.00M,0.28,,2005-09,AOR,Restated
2005-06,3.513B,3.513B,1.963B,1.550B,,634.00M,,,,,,,741.50M,808.90M,,,,,,619.00M,242.30M,380.10M,373.70M,,-0.10M,380.10M,916.40M,93.90M,808.90M,,0.47,,0.48,0.94,,0.46,,0.47,2005-06,800.10M,804.50M,0.28,,2005-06,AOR,Restated
2005-03,3.448B,3.448B,2.172B,1.276B,,649.80M,,,,,,,770.70M,505.10M,,,,,,372.70M,152.80M,225.00M,360.00M,,-0.10M,225.00M,626.00M,120.90M,505.10M,,0.44,,0.28,0.72,,0.44,,0.28,2005-03,812.50M,817.70M,0.28,,2005-03,AOR,Restated
2004-12,-1.814B,-1.814B,,,,,,,,,,,,10.36B,,,,,,,,-18.49B,1.366B,,,-19.80B,10.61B,249.10M,10.36B,,1.59,,-21.55,-21.51,,1.59,,-21.55,2004-12,838.50M,838.50M,0.28,,2004-12,AOR,Restated
2004-09,5.38B,5.38B,2.795B,2.585B,,1.057B,,,,,,,1.242B,1.342B,,,,,,1.183B,433.40M,721.70M,-1.209B,,0.20M,721.70M,1.528B,185.50M,1.342B,,-1.40,,0.84,-0.56,,-1.40,,0.84,2004-09,862.85M,867.40M,0.24,,2004-09,AOR,Restated
2004-06,5.354B,5.354B,2.673B,2.681B,,1.115B,,,,,,,1.308B,1.373B,,,,,,1.229B,502.60M,717.20M,36.60M,,-0.90M,717.20M,1.567B,183.50M,1.373B,,0.04,,0.84,0.88,,0.04,,0.82,2004-06,862.15M,868.00M,0.24,,2004-06,AOR,Restated
2004-03,5.298B,5.298B,3.180B,2.119B,,872.30M,,,,,,,1.064B,1.055B,,,,,,868.80M,247.00M,618.40M,92.10M,,-1.30M,618.40M,1.246B,191.80M,1.055B,,0.10,,0.72,0.82,,0.10,,0.70,2004-03,865.50M,872.25M,0.24,,2004-03,AOR,Restated
2003-12,-1.699B,-1.699B,,,,,,,,,,,,9.851B,,,,,,,,-561.70M,176.30M,,,-580.20M,10.30B,450.90M,9.851B,,0.20,,-0.65,-0.44,,0.19,,-0.65,2003-12,879.97M,879.97M,0.24,,2003-12,AOR,Restated
2003-09,5.259B,5.259B,2.91B,2.349B,,884.50M,,,,,,,1.069B,1.280B,,,,,,1.085B,436.40M,647.90M,51.70M,0.00,-1.20M,647.90M,1.464B,61.30M,1.280B,,0.06,0.00,0.74,0.80,,0.06,0.00,0.74,2003-09,872.50M,881.60M,0.24,,2003-09,AOR,Restated
2003-06,6.418B,6.418B,3.716B,2.702B,,1.140B,,,,,,,1.387B,1.316B,,,,,,1.132B,456.10M,659.60M,,0.00,-14.00M,659.60M,1.562B,246.40M,1.316B,,0.00,0.00,0.76,0.76,,0.00,0.00,0.74,2003-06,873.10M,882.65M,,,2003-06,AOR,Restated
2003-03,6.051B,6.051B,3.873B,2.178B,,949.60M,,,,,,,1.191B,986.80M,,,,,,809.40M,330.20M,461.60M,,-18.50M,-17.60M,461.60M,1.228B,241.20M,986.80M,,-0.02,0.00,0.52,0.50,,-0.02,-0.0212,0.52,2003-03,872.95M,880.55M,,,2003-03,AOR,Restated
2002-12,-5.039B,-5.039B,,,,,,,,,,,,9.458B,,,,,,,,-496.50M,,,,-1.977B,9.698B,239.60M,9.458B,,4.32,,0.64,1.58,,4.28,,0.64,2002-12,877.05M,888.45M,,,2002-12,AOR,Restated
2002-09,6.306B,6.306B,3.712B,2.594B,,1.068B,,,,,,,1.306B,1.288B,,,,,,1.079B,412.30M,640.30M,,0.00,-11.90M,640.30M,1.526B,237.90M,1.288B,,0.00,0.00,0.74,0.74,,0.00,0.00,0.72,2002-09,876.40M,885.15M,,,2002-09,AOR,Restated
2002-06,5.850B,5.850B,3.370B,2.480B,,1.063B,,,,,,,1.302B,1.178B,,,,,,932.10M,374.20M,546.50M,,0.00,-7.70M,546.50M,1.416B,238.70M,1.178B,,0.00,0.00,0.62,0.62,,0.00,0.00,0.62,2002-06,878.05M,890.85M,,,2002-06,AOR,Restated
2002-03,5.672B,5.672B,3.641B,2.031B,,936.10M,,,,,,,1.166B,865.50M,,,,,,669.30M,274.40M,367.40M,,-1.481B,-13.40M,367.40M,1.095B,229.40M,865.50M,,-1.70,-0.0000,0.42,-1.28,,-1.70,-1.689,0.42,2002-03,876.75M,889.35M,,,2002-03,AOR,Restated
2001-12,6.040B,6.040B,3.584B,2.455B,,1.276B,,,,,,,2.059B,396.40M,,,,,,356.40M,314.90M,-38.60M,,-3.90M,5.00M,-38.60M,1.179B,782.70M,396.40M,,0.00,0.00,-0.04,-0.04,,0.00,-0.0045,-0.04,2001-12,879.90M,879.90M,,,2001-12,AOR,
2001-09,5.714B,5.714B,3.708B,2.006B,,1.029B,,,,,,,1.812B,193.70M,,,,,,-54.60M,169.40M,-190.40M,,0.00,41.30M,-190.40M,976.90M,783.20M,193.70M,,0.00,0.00,-0.22,-0.22,,0.00,0.00,-0.22,2001-09,884.00M,884.00M,,,2001-09,AOR,Restated
2001-06,5.717B,5.717B,3.115B,2.602B,,1.240B,,,,,,,2.016B,585.80M,,,,,,332.60M,314.70M,16.70M,,0.00,5.90M,16.70M,1.362B,775.90M,585.80M,,0.00,0.00,0.02,0.02,,0.00,0.00,0.02,2001-06,884.30M,900.10M,,,2001-06,AOR,Restated
2001-03,5.752B,5.752B,3.594B,2.158B,,1.009B,,,,,,,1.755B,403.70M,,,,,,148.40M,123.50M,-7.30M,,0.00,-5.10M,-7.30M,1.149B,745.20M,403.70M,,0.00,0.00,0.00,0.00,,0.00,0.00,0.00,2001-03,814.20M,814.20M,,,2001-03,AOR,Restated
2000-12,1.584B,1.584B,,,,,,,,,,,,13.85B,,,,,,,,92.40M,,,,-421.90M,14.61B,763.00M,13.85B,,0.06,,0.10,0.16,,-0.04,,0.10,2000-12,735.57M,735.57M,,,2000-12,AOR,Restated
2000-09,5.811B,5.811B,3.201B,2.610B,,1.169B,,0.00,,,,,1.850B,759.90M,,,,,,528.70M,424.20M,33.40M,,0.00,-27.10M,33.40M,1.440B,680.30M,759.90M,,0.00,0.00,0.04,0.04,,0.00,0.00,0.04,2000-09,751.85M,772.25M,,,2000-09,AOR,Restated
2000-06,4.851B,4.851B,2.826B,2.025B,,1.054B,,-698.50M,,,,,1.605B,420.30M,,,,-698.50M,,-474.40M,12.10M,-495.60M,,0.00,-12.00M,-76.50M,971.30M,551.00M,420.30M,,0.00,0.00,-0.1259,-0.82,,0.00,0.00,-0.1259,2000-06,603.80M,603.80M,,,2000-06,AOR,Restated
2000-03,3.026B,3.026B,1.995B,1.031B,,561.10M,,,,,,,790.30M,240.40M,,,,,,129.10M,58.10M,68.00M,,-452.30M,3.10M,68.00M,469.60M,229.20M,240.40M,,-1.30,-0.0000,0.20,-1.10,,-1.30,-1.302,0.20,2000-03,347.40M,355.75M,,,2000-03,AOR,Restated
1999-12,3.572B,3.572B,2.331B,1.241B,,646.20M,,,,,,,945.40M,296.00M,,,,,,270.90M,115.80M,133.10M,,0.00,0.60M,133.10M,524.90M,228.90M,296.00M,,0.00,0.00,0.38,0.38,,0.00,0.0001,0.38,1999-12,348.65M,356.10M,,,1999-12,AOR,Restated
1999-09,3.332B,3.332B,2.119B,1.213B,,602.50M,,-70.30M,,,,,821.20M,391.50M,,,,-70.30M,,208.30M,93.20M,110.90M,,-14.20M,-0.40M,153.08M,610.20M,218.70M,391.50M,,-0.04,0.00,0.4411,0.28,,-0.04,-0.0408,0.4389,1999-09,348.35M,354.75M,,,1999-09,AOR,Restated
1999-06,3.003B,3.003B,1.935B,1.068B,,585.60M,,0.00,,,,,785.60M,282.30M,,,,,,182.80M,105.10M,59.30M,,0.00,-0.20M,59.30M,482.30M,200.00M,282.30M,,0.00,0.00,0.18,0.18,,0.00,0.00,0.16,1999-06,345.30M,352.50M,,,1999-06,AOR,Restated
1999-03,2.951B,2.951B,1.952B,999.00M,,524.40M,,,,,,,721.50M,277.50M,,,,,,181.90M,97.30M,68.40M,,-23.50M,-0.10M,68.40M,474.60M,197.10M,277.50M,,-0.06,0.00,0.16,0.10,,-0.06,-0.0675,0.16,1999-03,348.05M,355.55M,,,1999-03,AOR,Restated
1998-12,3.342B,3.342B,2.364B,978.30M,,592.70M,,35.20M,,,,,682.00M,296.30M,,,,,,185.20M,53.30M,89.80M,3.40M,,0.40M,64.73M,1.762B,1.465B,296.30M,,0.0191,,0.1130,0.2042,,0.0191,,0.1130,1998-12,348.03M,348.03M,,,1998-12,AOR,Restated
1998-09,3.289B,3.289B,2.145B,1.143B,,543.60M,192.50M,-12.40M,,,,,736.10M,407.30M,,,,-12.40M,,237.00M,150.60M,86.40M,52.00M,,-0.50M,93.84M,599.80M,-223.10M,407.30M,,0.2924,,0.4016,0.6940,,0.2924,,0.4016,1998-09,,,,,1998-09,AOR,
1998-06,2.779B,2.779B,2.266B,513.60M,,503.40M,235.60M,-18.70M,,,,,739.00M,-225.40M,,,,-18.70M,,-400.30M,-133.00M,-267.30M,-13.40M,,-0.40M,-254.81M,10.20M,-235.60M,-225.40M,,-0.0754,,-1.517,-1.663,,-0.0754,,-1.517,1998-06,177.81M,177.81M,,,1998-06,AOR,
