,OperatingRevenue,Revenue,CostofGoodsSold,GrossProfit,InvestmentWriteOff,SpecialIncomeandCharges,NonIncomeTaxes,OperatingInterestExpense,NetOperatingInterestIncome,OtherOperatingExpenses,TotalOperatingExpenses,OperatingIncome,Non-OperatingInterestExpense,NetNon-OperatingInterestIncomeExpense,OtherIncomeandExpenses,NetInterestIncome,Pre-TaxIncome,ProvisionforIncomeTaxes,IncomefromContinuingOperations,IncomefromDiscontinuedOperations,"ExtraordinaryItems,IncomeStatement",IncomeAttributabletoMinorityInterest,PreferredStockDividend,NetIncome,NormalizedIncome,EBIT,,BasicEPS(Quarterly),EPSBasicfromContinuingOperations,EPSBasicfromDiscontinuedOperations,NormalizedBasicEPS,EPSBasic,,DilutedEPS(Quarterly),EPSDilutedfromContinuingOperations,EPSDilutedfromTaxLossCarryforward,NormalizedDilutedEPS,EPSDiluted,AverageBasicSharesOutstanding,AverageDilutedSharesOutstanding,DividendPerShare,,SECFilingLinks,AsOriginallyReported,Restated
2020-09,6.721B,6.721B,3.34B,3.381B,28.00M,-26.00M,324.00M,522.00M,-522.00M,,1.541B,1.84B,522.00M,-522.00M,21.00M,-522.00M,1.339B,105.00M,1.234B,,,70.00M,27.00M,1.304B,1.328B,1.861B,,2020-09,1.74,,1.773,1.74,,2020-09,1.74,,1.773,1.74,735.00M,735.00M,0.965,,2020-09,AOR,
2020-06,5.421B,5.421B,2.761B,2.66B,6.00M,1.00M,334.00M,554.00M,-554.00M,,1.484B,1.176B,554.00M,-554.00M,-1.83B,-554.00M,-1.208B,-316.00M,-892.00M,,,90.00M,27.00M,-802.00M,-802.74M,-654.00M,,2020-06,-1.13,,-1.131,-1.13,,2020-06,-1.13,,-1.131,-1.13,735.00M,735.00M,0.945,,2020-06,AOR,
2020-03,5.949B,5.949B,2.985B,2.964B,2.00M,-1.00M,345.00M,551.00M,-551.00M,,1.475B,1.489B,551.00M,-551.00M,89.00M,-551.00M,1.027B,137.00M,890.00M,,,48.00M,27.00M,938.00M,938.87M,1.578B,,2020-03,1.24,0.00,1.241,1.24,,2020-03,1.24,,1.241,1.24,734.00M,736.00M,0.945,,2020-03,AOR,
2019-12,6.103B,6.103B,3.503B,2.60B,8.00M,127.00M,295.00M,547.00M,-516.00M,,1.479B,1.121B,547.00M,-516.00M,104.00M,-516.00M,709.00M,95.00M,614.00M,,,67.00M,12.00M,674.00M,571.02M,1.256B,,2019-12,0.89,,0.7398,0.88,,2019-12,0.89,,0.7398,0.88,732.00M,732.00M,0.945,,2019-12,AOR,
2019-09,6.94B,6.94B,3.51B,3.43B,-20.00M,20.00M,335.00M,572.00M,-572.00M,,1.521B,1.909B,572.00M,-572.00M,174.00M,-572.00M,1.511B,188.00M,1.323B,,,19.00M,17.00M,1.342B,1.324B,2.083B,,2019-09,1.82,,1.796,1.82,,2019-09,1.82,,1.796,1.82,729.00M,729.00M,0.945,,2019-09,AOR,Restated
2019-06,5.873B,5.873B,3.151B,2.722B,4.00M,-1.00M,334.00M,542.00M,-542.00M,,1.423B,1.299B,542.00M,-542.00M,132.00M,-542.00M,889.00M,141.00M,748.00M,,,84.00M,13.00M,832.00M,832.84M,1.431B,,2019-06,1.12,,1.121,1.12,,2019-06,1.12,,1.121,1.12,728.00M,728.00M,0.9275,,2019-06,AOR,Restated
2019-03,6.163B,6.163B,3.355B,2.808B,0.00,-3.00M,343.00M,543.00M,-543.00M,,1.432B,1.376B,543.00M,-543.00M,155.00M,-543.00M,988.00M,95.00M,893.00M,,,7.00M,2.00M,900.00M,902.71M,1.531B,,2019-03,1.24,0.00,1.244,1.24,,2019-03,1.24,,1.244,1.24,727.00M,727.00M,0.9275,,2019-03,AOR,Restated
2018-12,6.115B,6.115B,3.758B,2.357B,63.00M,156.00M,326.00M,544.00M,-524.00M,,1.421B,936.00M,544.00M,-524.00M,21.00M,-524.00M,433.00M,-1.00M,434.00M,20.00M,,10.00M,,464.00M,330.12M,977.00M,,2018-12,0.61,0.03,0.4512,0.64,,2018-12,0.61,,0.4512,0.64,717.00M,717.00M,0.9275,,2018-12,AOR,Restated
2018-09,6.628B,6.628B,3.573B,3.055B,124.00M,-114.00M,323.00M,517.00M,-517.00M,,1.362B,1.693B,517.00M,-517.00M,54.00M,-517.00M,1.23B,168.00M,1.062B,4.00M,,16.00M,,1.082B,1.176B,1.747B,,2018-09,1.51,0.00,1.648,1.51,,2018-09,1.51,,1.648,1.51,713.00M,714.00M,0.9275,,2018-09,AOR,Restated
2018-06,5.643B,5.643B,3.207B,2.436B,172.00M,-169.00M,315.00M,518.00M,-518.00M,,1.288B,1.148B,518.00M,-518.00M,-23.00M,-518.00M,607.00M,100.00M,507.00M,-5.00M,,-2.00M,,500.00M,646.16M,1.125B,,2018-06,0.72,-0.01,0.9208,0.71,,2018-06,0.72,,0.9205,0.71,703.00M,704.00M,0.89,,2018-06,AOR,Restated
2018-03,6.135B,6.135B,3.453B,2.682B,43.00M,-143.00M,316.00M,515.00M,-515.00M,,1.283B,1.399B,515.00M,-515.00M,-81.00M,-515.00M,803.00M,181.00M,622.00M,,,-2.00M,,620.00M,730.77M,1.318B,,2018-03,0.88,,1.038,0.88,,2018-03,0.88,,1.038,0.88,701.00M,701.00M,0.89,,2018-03,AOR,Restated
2017-12,5.799B,5.799B,3.286B,2.513B,66.00M,175.00M,309.00M,511.00M,-498.00M,,1.242B,1.271B,511.00M,-498.00M,93.00M,-498.00M,866.00M,161.00M,705.00M,-2.00M,,0.00,,703.00M,562.53M,1.377B,,2017-12,1.00,0.00,0.7965,1.00,,2017-12,1.00,,0.7965,1.00,700.00M,700.00M,0.89,,2017-12,AOR,Restated
2017-09,6.482B,6.482B,3.407B,3.075B,207.00M,-201.00M,313.00M,498.00M,-498.00M,,1.213B,1.862B,498.00M,-498.00M,-43.00M,-498.00M,1.321B,364.00M,957.00M,-2.00M,,-1.00M,,954.00M,1.102B,1.819B,,2017-09,1.36,0.00,1.568,1.36,,2017-09,1.36,,1.568,1.36,700.00M,700.00M,0.89,,2017-09,AOR,Restated
2017-06,5.555B,5.555B,3.058B,2.497B,9.00M,-2.00M,307.00M,486.00M,-486.00M,,1.142B,1.355B,486.00M,-486.00M,149.00M,-486.00M,1.018B,327.00M,691.00M,-2.00M,,-3.00M,,686.00M,689.29M,1.504B,,2017-06,0.98,0.00,0.9818,0.98,,2017-06,0.98,,0.9818,0.98,700.00M,700.00M,0.855,,2017-06,AOR,Restated
2017-03,5.729B,5.729B,3.175B,2.554B,0.00,11.00M,304.00M,491.00M,-491.00M,,1.163B,1.391B,491.00M,-491.00M,161.00M,-491.00M,1.061B,344.00M,717.00M,,,-1.00M,,716.00M,708.56M,1.552B,,2017-03,1.02,,1.009,1.02,,2017-03,1.02,,1.009,1.02,700.00M,700.00M,0.855,,2017-03,AOR,Restated
2016-12,5.577B,5.577B,3.683B,1.894B,4.00M,202.00M,255.00M,485.00M,-464.00M,,1.147B,747.00M,485.00M,-464.00M,229.00M,-464.00M,512.00M,136.00M,376.00M,-598.00M,,-5.00M,,-227.00M,222.66M,997.00M,,2016-12,0.52,-0.86,0.3072,-0.34,,2016-12,0.52,,0.3072,-0.34,697.00M,697.00M,0.855,,2016-12,AOR,Restated
2016-09,6.576B,6.576B,3.497B,3.079B,10.00M,-4.00M,302.00M,464.00M,-464.00M,,1.121B,1.958B,464.00M,-464.00M,22.00M,-464.00M,1.516B,515.00M,1.001B,180.00M,,-5.00M,,1.176B,998.64M,1.98B,,2016-09,1.44,0.26,1.444,1.70,,2016-09,1.44,,1.444,1.70,689.00M,691.00M,0.855,,2016-09,AOR,Restated
2016-06,5.213B,5.213B,2.881B,2.332B,1.00M,7.00M,290.00M,478.00M,-478.00M,,1.08B,1.252B,478.00M,-478.00M,103.00M,-478.00M,877.00M,253.00M,624.00M,-112.00M,,-3.00M,,509.00M,616.02M,1.355B,,2016-06,0.90,-0.16,0.8928,0.74,,2016-06,0.90,,0.8928,0.74,689.00M,690.00M,0.825,,2016-06,AOR,Restated
2016-03,5.377B,5.377B,3.053B,2.324B,3.00M,4.00M,295.00M,489.00M,-489.00M,,1.088B,1.236B,489.00M,-489.00M,82.00M,-489.00M,829.00M,252.00M,577.00M,122.00M,,-5.00M,,694.00M,569.22M,1.318B,,2016-03,0.83,0.18,0.8260,1.01,,2016-03,0.83,,0.8260,1.01,689.00M,689.00M,0.825,,2016-03,AOR,Restated
2015-12,4.234B,4.234B,2.545B,1.689B,-5.00M,168.00M,293.00M,319.00M,-299.00M,,1.005B,684.00M,319.00M,-299.00M,87.00M,-299.00M,472.00M,138.00M,334.00M,148.00M,,-5.00M,,477.00M,210.12M,791.00M,,2015-12,0.49,0.20,0.3172,0.69,,2015-12,0.49,,0.3172,0.69,688.00M,688.00M,0.825,,2015-12,AOR,Restated
2015-09,6.483B,6.483B,3.621B,2.862B,111.00M,-107.00M,293.00M,402.00M,-402.00M,,1.067B,1.795B,402.00M,-402.00M,-33.00M,-402.00M,1.36B,420.00M,940.00M,-5.00M,,-3.00M,,932.00M,1.011B,1.762B,,2015-09,1.36,-0.01,1.467,1.35,,2015-09,1.36,,1.467,1.35,688.00M,688.00M,0.825,,2015-09,AOR,Restated
2015-06,5.589B,5.589B,3.287B,2.302B,0.00,13.00M,279.00M,403.00M,-403.00M,,1.069B,1.233B,403.00M,-403.00M,108.00M,-403.00M,938.00M,334.00M,604.00M,-57.00M,,-4.00M,,543.00M,591.63M,1.341B,,2015-06,0.87,-0.09,0.8579,0.78,,2015-06,0.87,,0.8579,0.78,692.00M,692.00M,0.795,,2015-06,AOR,Restated
2015-03,6.065B,6.065B,3.582B,2.483B,0.00,14.00M,264.00M,403.00M,-403.00M,,1.041B,1.442B,403.00M,-403.00M,101.00M,-403.00M,1.14B,364.00M,776.00M,91.00M,,-3.00M,,864.00M,763.47M,1.543B,,2015-03,1.09,0.13,1.077,1.22,,2015-03,1.09,,1.077,1.22,708.00M,708.00M,0.795,,2015-03,AOR,Restated
2014-12,4.143B,4.143B,2.638B,1.505B,0.00,134.00M,268.00M,317.00M,-301.00M,,932.00M,573.00M,317.00M,-301.00M,43.00M,-301.00M,315.00M,144.00M,171.00M,-71.00M,,-3.00M,,97.00M,80.90M,632.00M,,2014-12,0.25,-0.11,0.1268,0.14,,2014-12,0.25,,0.1268,0.14,707.00M,707.00M,0.795,,2014-12,AOR,Restated
2014-09,6.395B,6.395B,3.716B,2.679B,1.00M,3.00M,275.00M,405.00M,-405.00M,,1.063B,1.616B,405.00M,-405.00M,140.00M,-405.00M,1.351B,460.00M,891.00M,378.00M,,5.00M,,1.274B,894.02M,1.756B,,2014-09,1.25,0.55,1.247,1.80,,2014-09,1.25,,1.247,1.80,707.00M,707.00M,0.795,,2014-09,AOR,Restated
2014-06,5.708B,5.708B,3.368B,2.34B,-16.00M,22.00M,311.00M,403.00M,-403.00M,,1.073B,1.267B,403.00M,-403.00M,144.00M,-403.00M,1.008B,282.00M,726.00M,-113.00M,,-4.00M,,609.00M,706.16M,1.411B,,2014-06,1.02,-0.16,0.9976,0.86,,2014-06,1.02,,0.9976,0.86,707.00M,707.00M,0.78,,2014-06,AOR,Restated
2014-03,6.263B,6.263B,3.701B,2.562B,96.00M,-95.00M,350.00M,404.00M,-404.00M,,1.105B,1.457B,404.00M,-404.00M,36.00M,-404.00M,1.089B,339.00M,750.00M,-843.00M,,-4.00M,,-97.00M,811.36M,1.493B,,2014-03,1.05,-1.19,1.143,-0.14,,2014-03,1.05,,1.143,-0.14,706.00M,706.00M,0.78,,2014-03,AOR,Restated
2013-12,5.624B,5.624B,3.373B,2.251B,11.00M,227.00M,302.00M,418.00M,-392.00M,,1.03B,1.221B,418.00M,-392.00M,155.00M,-392.00M,984.00M,296.00M,688.00M,4.00M,,-4.00M,,688.00M,525.28M,1.402B,,2013-12,0.97,0.01,0.7452,0.98,,2013-12,0.96,,0.7352,0.97,706.00M,706.00M,0.78,,2013-12,AOR,Restated
2013-09,6.217B,6.217B,3.563B,2.654B,2.00M,-3.00M,319.00M,378.00M,-378.00M,,991.00M,1.663B,378.00M,-378.00M,84.00M,-378.00M,1.369B,423.00M,946.00M,62.00M,,-4.00M,,1.004B,944.07M,1.747B,,2013-09,1.33,0.09,1.333,1.42,,2013-09,1.33,,1.333,1.42,706.00M,706.00M,0.78,,2013-09,AOR,Restated
2013-06,5.879B,5.879B,3.672B,2.207B,386.00M,-385.00M,323.00M,381.00M,-381.00M,,1.001B,1.206B,381.00M,-381.00M,-315.00M,-381.00M,510.00M,165.00M,345.00M,-3.00M,,-3.00M,,339.00M,601.88M,891.00M,,2013-06,0.48,0.00,0.8481,0.48,,2013-06,0.48,,0.8481,0.48,706.00M,706.00M,0.765,,2013-06,AOR,Restated
2013-03,5.898B,5.898B,3.682B,2.216B,0.00,2.00M,343.00M,367.00M,-367.00M,,1.003B,1.213B,367.00M,-367.00M,118.00M,-367.00M,964.00M,330.00M,634.00M,0.00,,0.00,,634.00M,632.68M,1.331B,,2013-03,0.89,0.00,0.8881,0.89,,2013-03,0.89,,0.8881,0.89,705.00M,705.00M,0.765,,2013-03,AOR,Restated
2012-12,3.983B,3.983B,2.613B,1.37B,-2.00M,313.00M,284.00M,387.00M,-337.00M,,809.00M,561.00M,387.00M,-337.00M,105.00M,-337.00M,329.00M,58.00M,271.00M,166.00M,,-2.00M,,435.00M,11.18M,716.00M,,2012-12,0.27,0.29,-0.0967,0.56,,2012-12,0.27,,-0.0947,0.56,703.00M,707.00M,0.765,,2012-12,AOR,Restated
2012-09,6.722B,6.722B,4.40B,2.322B,266.00M,-252.00M,326.00M,401.00M,-401.00M,,992.00M,1.33B,401.00M,-401.00M,-87.00M,-401.00M,842.00M,248.00M,594.00M,4.00M,,-4.00M,,594.00M,767.91M,1.243B,,2012-09,0.84,0.01,1.095,0.85,,2012-09,0.84,,1.095,0.85,699.00M,699.00M,0.765,,2012-09,AOR,Restated
2012-06,3.577B,3.577B,2.149B,1.428B,0.00,3.00M,171.00M,232.00M,-232.00M,,646.00M,782.00M,232.00M,-232.00M,113.00M,-232.00M,663.00M,214.00M,449.00M,-1.00M,,-4.00M,,444.00M,442.97M,895.00M,,2012-06,0.99,0.00,0.9854,0.99,,2012-06,0.99,,0.9854,0.99,446.00M,446.00M,0.7500,,2012-06,AOR,Restated
2012-03,3.63B,3.63B,2.073B,1.557B,402.00M,-404.00M,184.00M,224.00M,-224.00M,,663.00M,894.00M,224.00M,-224.00M,-270.00M,-224.00M,400.00M,103.00M,297.00M,2.00M,,-4.00M,,295.00M,592.77M,624.00M,,2012-03,0.65,0.01,1.322,0.66,,2012-03,0.65,,1.322,0.66,446.00M,446.00M,0.7500,,2012-03,AOR,Restated
2011-12,3.368B,3.368B,4.903B,-1.535B,,-55.00M,166.00M,224.00M,-171.00M,,-2.079B,544.00M,224.00M,-171.00M,45.00M,-171.00M,409.00M,119.00M,290.00M,0.00,,-2.00M,,288.00M,327.00M,633.00M,,2011-12,0.64,0.00,0.7278,0.64,,2011-12,0.64,,0.7278,0.64,444.00M,444.00M,0.7500,,2011-12,AOR,Restated
2011-09,3.964B,3.964B,1.388B,2.576B,,-220.00M,183.00M,213.00M,-213.00M,866.00M,1.504B,1.072B,213.00M,-213.00M,-177.00M,-213.00M,677.00M,208.00M,469.00M,1.00M,,2.00M,,472.00M,623.41M,890.00M,,2011-09,1.06,0.00,1.403,1.06,,2011-09,1.06,,1.403,1.06,444.00M,444.00M,0.7500,,2011-09,AOR,Restated
2011-06,3.534B,3.534B,1.285B,2.249B,,100.00M,169.00M,203.00M,-203.00M,959.00M,1.565B,684.00M,203.00M,-203.00M,148.00M,-203.00M,633.00M,192.00M,441.00M,0.00,,-6.00M,,435.00M,365.33M,836.00M,,2011-06,0.9798,0.00,0.8229,0.9798,,2011-06,0.9798,,0.8229,0.9798,444.04M,444.04M,0.7350,,2011-06,AOR,Restated
2011-03,3.663B,3.663B,1.339B,2.324B,,129.00M,186.00M,219.00M,-219.00M,880.00M,1.52B,804.00M,219.00M,-219.00M,161.00M,-219.00M,746.00M,233.00M,513.00M,0.00,,-2.00M,,511.00M,422.29M,965.00M,,2011-03,1.140,0.00,0.9399,1.140,,2011-03,1.140,,0.9401,1.140,443.33M,443.67M,0.7350,,2011-03,AOR,Restated
2010-12,3.445B,3.445B,4.985B,-1.54B,,170.00M,164.00M,216.00M,-149.00M,,-2.103B,563.00M,216.00M,-149.00M,269.00M,-149.00M,674.00M,247.00M,427.00M,2.00M,,-2.00M,,427.00M,317.30M,890.00M,,2010-12,0.9500,0.01,0.7058,0.9600,,2010-12,0.9500,,0.7074,0.9600,441.00M,444.00M,0.7350,,2010-12,AOR,Restated
2010-09,3.946B,3.946B,1.361B,2.585B,,71.00M,182.00M,202.00M,-202.00M,881.00M,1.51B,1.075B,202.00M,-202.00M,92.00M,-202.00M,967.00M,301.00M,666.00M,0.00,,4.00M,,670.00M,621.10M,1.169B,,2010-09,1.530,0.00,1.419,1.530,,2010-09,1.530,,1.419,1.530,440.00M,440.67M,0.7350,,2010-09,AOR,
2010-06,3.287B,3.287B,1.117B,2.17B,,-568.00M,163.00M,212.00M,-212.00M,944.00M,1.533B,637.00M,212.00M,-212.00M,-532.00M,-212.00M,-102.00M,116.00M,-218.00M,1.00M,,-5.00M,,-222.00M,146.20M,110.00M,,2010-06,-0.5100,0.00,0.3329,-0.5100,,2010-06,-0.5100,,0.3329,-0.5100,438.00M,438.00M,0.7200,,2010-06,AOR,Restated
2010-03,3.594B,3.594B,1.287B,2.307B,,91.00M,193.00M,210.00M,-210.00M,899.00M,1.548B,759.00M,210.00M,-210.00M,120.00M,-210.00M,671.00M,226.00M,445.00M,,,0.00,,445.00M,384.65M,881.00M,,2010-03,1.020,0.00,0.8818,1.020,,2010-03,1.020,,0.8819,1.020,436.67M,437.00M,0.7200,,2010-03,AOR,Restated
2009-12,3.11B,3.11B,1.104B,2.006B,,53.00M,157.00M,191.00M,-191.00M,819.00M,1.379B,627.00M,191.00M,-191.00M,90.00M,-191.00M,494.00M,158.00M,336.00M,12.00M,,-2.00M,,346.00M,297.95M,685.00M,,2009-12,0.7800,0.03,0.6971,0.8100,,2009-12,0.7800,,0.6972,0.8100,435.00M,435.33M,0.7200,,2009-12,AOR,Restated
2009-09,3.396B,3.396B,1.138B,2.258B,,-332.00M,175.00M,190.00M,-190.00M,805.00M,1.412B,846.00M,190.00M,-190.00M,-318.00M,-190.00M,351.00M,244.00M,107.00M,-1.00M,,3.00M,,109.00M,325.80M,541.00M,,2009-09,0.24,0.00,0.7384,0.24,,2009-09,0.24,,0.7380,0.24,433.00M,433.33M,0.7200,,2009-09,AOR,Restated
2009-06,2.913B,2.913B,983.00M,1.93B,,100.00M,160.00M,186.00M,-186.00M,848.00M,1.415B,515.00M,186.00M,-186.00M,119.00M,-186.00M,461.00M,177.00M,284.00M,-2.00M,,-6.00M,,276.00M,216.39M,647.00M,,2009-06,0.6600,0.00,0.5165,0.6300,,2009-06,0.6600,,0.5166,0.6300,429.33M,429.67M,0.6900,,2009-06,AOR,Restated
2009-03,3.312B,3.312B,1.219B,2.093B,,22.00M,193.00M,184.00M,-184.00M,811.00M,1.418B,675.00M,184.00M,-184.00M,28.00M,-184.00M,525.00M,179.00M,346.00M,3.00M,,-5.00M,,344.00M,326.50M,709.00M,,2009-03,0.8100,0.00,0.7761,0.8100,,2009-03,0.8100,,0.7761,0.8100,427.33M,427.67M,0.6900,,2009-03,AOR,Restated
2008-12,3.133B,3.133B,1.252B,1.881B,,-88.00M,136.00M,189.00M,-59.00M,851.00M,1.394B,487.00M,189.00M,-59.00M,-88.00M,-59.00M,356.00M,95.00M,261.00M,2.00M,,1.00M,,331.00M,326.52M,545.00M,,2008-12,0.6300,0.03,0.7826,0.8100,,2008-12,0.6300,,0.7824,0.7800,422.67M,423.33M,0.6900,,2008-12,,Restated
2008-09,3.508B,3.508B,1.411B,2.097B,,-53.00M,170.00M,176.00M,-176.00M,838.00M,1.44B,657.00M,176.00M,-176.00M,-137.00M,-176.00M,346.00M,132.00M,214.00M,-1.00M,,2.00M,,215.00M,248.78M,522.00M,,2008-09,0.5100,0.00,0.5877,0.5100,,2008-09,0.5100,,0.5876,0.5100,421.67M,422.33M,0.6900,,2008-09,,Restated
2008-06,3.229B,3.229B,1.126B,2.103B,,75.00M,158.00M,194.00M,-194.00M,877.00M,1.453B,650.00M,194.00M,-194.00M,14.00M,-194.00M,503.00M,167.00M,336.00M,13.00M,,2.00M,,351.00M,287.90M,697.00M,,2008-06,0.8100,0.03,0.6911,0.8400,,2008-06,0.8100,,0.6913,0.8400,421.33M,422.00M,0.6600,,2008-06,,Restated
2008-03,3.337B,3.337B,1.231B,2.106B,,74.00M,175.00M,182.00M,-182.00M,785.00M,1.373B,733.00M,182.00M,-182.00M,117.00M,-182.00M,686.00M,222.00M,464.00M,2.00M,,-1.00M,,465.00M,412.95M,868.00M,,2008-03,1.110,0.00,0.9914,1.110,,2008-03,1.110,,0.9916,1.110,422.00M,422.67M,0.6600,,2008-03,,Restated
2007-12,3.031B,3.031B,1.043B,1.988B,,140.00M,149.00M,,,960.00M,1.509B,479.00M,,,140.00M,,430.00M,117.00M,313.00M,-70.00M,,-3.00M,,243.00M,211.09M,479.00M,,2007-12,0.7500,-0.18,0.5079,0.5700,,2007-12,0.7200,,0.4785,0.5700,421.00M,422.00M,0.6600,,2007-12,,
2007-09,3.688B,3.688B,1.329B,2.359B,,120.00M,173.00M,,,782.00M,1.429B,930.00M,,,120.00M,,877.00M,304.00M,573.00M,34.00M,,4.00M,,607.00M,494.60M,930.00M,,2007-09,1.350,0.09,1.163,1.440,,2007-09,1.350,,1.164,1.440,420.00M,421.67M,0.6600,,2007-09,,
2007-06,2.966B,2.966B,1.051B,1.915B,,121.00M,153.00M,,,833.00M,1.425B,490.00M,,,121.00M,,451.00M,152.00M,299.00M,-6.00M,,-1.00M,,293.00M,218.78M,490.00M,,2007-06,0.7200,-0.03,0.5290,0.6900,,2007-06,0.7200,,0.5301,0.6900,420.00M,422.33M,0.6300,,2007-06,,
2007-03,3.035B,3.035B,1.08B,1.955B,,42.00M,174.00M,,,749.00M,1.356B,599.00M,,,42.00M,,476.00M,139.00M,337.00M,20.00M,,-2.00M,,357.00M,307.26M,599.00M,,2007-03,0.8100,0.03,0.7390,0.8400,,2007-03,0.8100,,0.7396,0.8400,419.00M,422.67M,0.6300,,2007-03,,
2006-12,2.805B,2.805B,1.076B,1.729B,,143.00M,143.00M,,,1.001B,1.53B,199.00M,,,143.00M,,181.00M,-19.00M,200.00M,187.00M,,1.00M,,387.00M,114.20M,199.00M,,2006-12,0.45,0.45,0.2452,0.9000,,2006-12,0.45,,0.2467,0.9000,419.00M,422.00M,0.9600,,2006-12,,
2006-09,3.279B,3.279B,1.164B,2.115B,,356.00M,151.00M,,,897.00M,1.49B,625.00M,,,356.00M,,791.00M,310.00M,481.00M,282.00M,,-8.00M,,763.00M,264.52M,625.00M,,2006-09,1.140,0.6900,0.6221,1.830,,2006-09,1.140,,0.6258,1.800,418.00M,421.00M,0.9600,,2006-09,,
2006-06,2.903B,2.903B,1.083B,1.82B,,220.00M,154.00M,,,1.007B,1.605B,215.00M,,,220.00M,,247.00M,51.00M,196.00M,159.00M,,-3.00M,,355.00M,21.43M,215.00M,,2006-06,0.48,0.39,0.0570,0.8700,,2006-06,0.48,,0.0640,0.8400,412.67M,419.67M,0.9300,,2006-06,,
2006-03,1.62B,1.62B,388.00M,1.232B,,79.00M,86.00M,,,535.00M,894.00M,338.00M,,,79.00M,,311.00M,108.00M,203.00M,155.00M,,-3.00M,,358.00M,151.43M,338.00M,,2006-03,0.6600,0.5100,0.4933,1.170,,2006-03,0.6300,,0.4694,1.110,309.33M,321.00M,0.9300,,2006-03,,
2005-12,-6.724B,-6.724B,-5.32B,-1.404B,,-1.853B,-105.00M,,,-71.00M,-402.00M,-1.002B,,,-1.853B,,-1.939B,-720.00M,-1.219B,1.829B,,484.00M,5.00M,606.00M,-54.07M,-1.002B,,2005-12,-3.930,5.880,-0.1962,7.770,,2005-12,-3.930,,-0.3382,7.530,312.00M,324.33M,0.9300,,2005-12,,
2005-09,3.028B,3.028B,804.00M,2.224B,,759.00M,134.00M,,,794.00M,1.334B,890.00M,,,759.00M,,1.411B,487.00M,924.00M,-883.00M,,-10.00M,3.00M,41.00M,426.97M,890.00M,,2005-09,2.970,-2.850,1.360,0.12,,2005-09,2.880,,1.333,0.12,308.67M,321.33M,0.9300,,2005-09,,
2005-06,5.274B,5.274B,3.005B,2.269B,,92.00M,145.00M,,,896.00M,1.503B,766.00M,,,92.00M,,485.00M,157.00M,328.00M,-19.00M,,-78.00M,2.00M,309.00M,265.78M,766.00M,,2005-06,1.050,-0.06,0.8486,0.9900,,2005-06,1.020,,0.8264,0.9600,309.00M,321.33M,0.8250,,2005-06,,
2005-03,5.328B,5.328B,3.099B,2.229B,,1.355B,153.00M,,,929.00M,1.563B,666.00M,,,1.355B,,1.311B,451.00M,860.00M,8.00M,,-420.00M,2.00M,868.00M,-28.86M,666.00M,,2005-03,2.700,0.03,-0.0952,2.730,,2005-03,2.610,,-0.0835,2.640,318.00M,330.00M,0.8250,,2005-03,,
2004-12,5.542B,5.542B,3.139B,2.403B,,89.00M,125.00M,,,1.098B,1.67B,733.00M,,,89.00M,,471.00M,168.00M,303.00M,55.00M,,-54.00M,2.00M,358.00M,245.75M,733.00M,,2004-12,0.9300,0.18,0.7493,1.110,,2004-12,0.9000,,0.7223,1.080,316.93M,322.25M,0.8250,,2004-12,,
2004-09,5.081B,5.081B,2.811B,2.27B,,74.00M,125.00M,,,800.00M,1.425B,845.00M,,,74.00M,,528.00M,147.00M,381.00M,8.00M,,-62.00M,2.00M,389.00M,327.60M,845.00M,,2004-09,1.200,0.03,1.029,1.230,,2004-09,1.170,,1.005,1.200,312.67M,324.33M,0.8250,,2004-09,,
2004-06,5.316B,5.316B,3.163B,2.153B,,137.00M,124.00M,,,827.00M,1.371B,782.00M,,,137.00M,,540.00M,134.00M,406.00M,26.00M,,-43.00M,3.00M,432.00M,303.00M,782.00M,,2004-06,1.290,0.09,0.9563,1.380,,2004-06,1.260,,0.9384,1.350,308.67M,320.33M,0.8250,,2004-06,,
2004-03,5.636B,5.636B,3.553B,2.083B,,-219.00M,154.00M,,,784.00M,1.372B,711.00M,,,-219.00M,,98.00M,33.00M,65.00M,246.00M,,-38.00M,2.00M,311.00M,210.26M,711.00M,,2004-03,0.21,0.8100,0.6878,1.020,,2004-03,0.21,,0.6702,0.9900,304.00M,315.67M,0.8250,,2004-03,,
2003-12,5.24B,5.24B,3.004B,2.236B,,26.00M,126.00M,,,4.237B,4.814B,-2.578B,,,26.00M,,-2.877B,-1.075B,-1.802B,-217.00M,0.00,28.00M,2.00M,-2.019B,-1.818B,-2.578B,,2003-12,-3.930,-2.790,-3.984,-6.720,,2003-12,-3.930,,-3.984,-6.720,303.00M,303.33M,0.8250,,2003-12,,
2003-09,5.549B,5.549B,3.444B,2.105B,,60.00M,127.00M,,,1.218B,1.818B,287.00M,,,60.00M,,-17.00M,-22.00M,5.00M,44.00M,,11.00M,3.00M,49.00M,-31.00M,287.00M,,2003-09,0.00,0.15,-0.1193,0.15,,2003-09,0.00,,-0.1191,0.15,301.67M,302.33M,0.8250,,2003-09,,
2003-06,5.152B,5.152B,3.033B,2.119B,,305.00M,134.00M,,,881.00M,1.453B,666.00M,,,305.00M,,596.00M,195.00M,401.00M,23.00M,,-50.00M,7.00M,424.00M,195.79M,666.00M,,2003-06,1.320,0.06,0.6375,1.380,,2003-06,1.320,,0.6382,1.380,300.67M,301.00M,0.8250,,2003-06,,
2003-03,6.172B,6.172B,4.04B,2.132B,,76.00M,140.00M,,,674.00M,1.245B,887.00M,,,76.00M,,587.00M,195.00M,392.00M,-5.00M,-162.00M,-50.00M,3.00M,225.00M,341.25M,887.00M,,2003-03,1.290,0.00,1.120,0.7500,,2003-03,1.290,,1.120,0.7500,299.00M,299.00M,0.8250,,2003-03,,
2002-12,4.953B,4.953B,3.023B,1.93B,,89.00M,135.00M,,,918.00M,1.393B,537.00M,,,89.00M,,307.00M,98.00M,209.00M,,,-8.00M,3.00M,-52.00M,148.41M,537.00M,,2002-12,0.27,-0.5700,0.0673,-0.30,,2002-12,0.27,,0.0673,-0.30,298.85M,298.85M,0.8250,,2002-12,,
2002-09,3.982B,3.982B,1.788B,2.194B,,126.00M,139.00M,,,1.09B,1.654B,540.00M,,,126.00M,,338.00M,108.00M,230.00M,,,-14.00M,3.00M,230.00M,144.26M,540.00M,,2002-09,0.8100,0.00,0.5016,0.8100,,2002-09,0.8100,,0.5016,0.8100,278.00M,278.00M,0.8250,,2002-09,,
2002-06,3.617B,3.617B,1.423B,2.194B,,215.00M,132.00M,,,823.00M,1.352B,842.00M,,,215.00M,,721.00M,247.00M,474.00M,,,-62.00M,4.00M,474.00M,332.65M,842.00M,,2002-06,1.710,0.00,1.200,1.710,,2002-06,1.680,,1.175,1.680,277.00M,279.76M,0.8250,,2002-06,,
2002-03,3.308B,3.308B,1.317B,1.991B,,102.00M,127.00M,,,852.00M,1.323B,668.00M,,,102.00M,,540.00M,158.00M,382.00M,,,-32.00M,3.00M,382.00M,309.84M,668.00M,,2002-03,1.440,0.00,1.165,1.440,,2002-03,1.440,,1.165,1.440,262.67M,262.67M,0.8250,,2002-03,,
2001-12,3.739B,3.739B,2.259B,1.48B,,418.00M,102.00M,,,1.00B,1.347B,133.00M,,,418.00M,,337.00M,107.00M,230.00M,,0.00,-60.00M,2.00M,225.00M,-55.28M,133.00M,,2001-12,0.8400,0.00,-0.2672,0.8400,,2001-12,0.8400,,-0.2550,0.8400,257.67M,260.53M,0.8250,,2001-12,,
2001-09,4.729B,4.729B,1.563B,3.166B,,37.00M,110.00M,,,1.189B,1.674B,1.492B,,,37.00M,,1.276B,480.00M,796.00M,,,-62.00M,4.00M,796.00M,772.92M,1.492B,,2001-09,3.060,0.00,2.971,3.060,,2001-09,3.030,,2.942,3.030,258.33M,261.39M,0.8250,,2001-09,,
2001-06,15.58B,15.58B,13.31B,2.274B,,37.00M,104.00M,,,964.00M,1.394B,880.00M,,,37.00M,,655.00M,236.00M,419.00M,,,-45.00M,4.00M,419.00M,395.33M,880.00M,,2001-06,1.620,0.00,1.528,1.620,,2001-06,1.590,,1.499,1.590,257.67M,261.01M,0.8250,,2001-06,,
2001-03,16.49B,16.49B,14.00B,2.49B,,87.00M,115.00M,,,877.00M,1.308B,1.182B,,,87.00M,,881.00M,327.00M,554.00M,,-96.00M,-160.00M,4.00M,458.00M,499.29M,1.182B,,2001-03,1.830,0.00,1.610,1.830,,2001-03,1.800,,1.583,1.800,248.33M,252.22M,0.8250,,2001-03,,
2000-12,-18.16B,-18.16B,-19.94B,1.777B,,373.00M,103.00M,,,982.00M,1.388B,389.00M,,,373.00M,,365.00M,81.00M,284.00M,,,-156.00M,5.00M,284.00M,-6.225M,389.00M,,2000-12,1.140,0.00,-0.0334,1.140,,2000-12,1.125,,-0.0484,1.125,247.33M,247.33M,0.8250,,2000-12,,
2000-09,15.28B,15.28B,12.87B,2.413B,,462.00M,111.00M,,,908.00M,1.319B,1.094B,,,462.00M,,1.268B,498.00M,770.00M,,,-31.00M,4.00M,770.00M,489.45M,1.094B,,2000-09,3.120,0.00,1.976,3.120,,2000-09,3.105,,1.968,3.105,245.33M,246.70M,0.8250,,2000-09,,
2000-06,10.93B,10.93B,8.814B,2.112B,,43.00M,102.00M,,,865.00M,1.318B,794.00M,,,43.00M,,520.00M,191.00M,329.00M,,,-89.00M,5.00M,329.00M,301.79M,794.00M,,2000-06,1.320,0.00,1.209,1.320,,2000-06,1.320,,1.209,1.320,245.33M,245.33M,0.8250,,2000-06,,
2000-03,7.236B,7.236B,5.449B,1.787B,,101.00M,102.00M,,,624.00M,1.029B,758.00M,,,101.00M,,643.00M,250.00M,393.00M,,,-31.00M,5.00M,393.00M,331.27M,758.00M,,2000-03,1.590,0.00,1.338,1.590,,2000-03,1.590,,1.338,1.590,244.67M,244.67M,0.8250,,2000-03,,
1999-12,6.221B,6.221B,4.464B,1.757B,,107.00M,80.00M,,,1.768B,1.98B,-223.00M,,,107.00M,,-355.00M,-166.00M,-189.00M,,,-43.00M,5.00M,-189.00M,-253.20M,-223.00M,,1999-12,-0.8100,0.00,-1.073,-0.8100,,1999-12,-0.8100,-0.0179,-1.068,-0.8400,244.29M,248.98M,0.8250,,1999-12,,
1999-09,6.694B,6.694B,4.687B,2.007B,,24.00M,105.00M,,,724.00M,1.123B,884.00M,,,24.00M,,724.00M,283.00M,441.00M,,,-31.00M,5.00M,441.00M,426.38M,884.00M,,1999-09,1.800,0.00,1.740,1.800,,1999-09,1.800,,1.740,1.800,242.22M,242.22M,0.8250,,1999-09,,
1999-06,4.691B,4.691B,3.167B,1.524B,,37.00M,87.00M,,,634.00M,993.00M,531.00M,,,37.00M,,415.00M,127.00M,288.00M,,,-33.00M,5.00M,288.00M,262.32M,531.00M,,1999-06,1.155,0.00,1.049,1.155,,1999-06,1.155,,1.049,1.155,242.67M,242.67M,0.8250,,1999-06,,
1999-03,4.178B,4.178B,2.589B,1.589B,,38.00M,99.00M,,,575.00M,944.00M,645.00M,,,38.00M,,516.00M,209.00M,307.00M,,,-35.00M,5.00M,967.00M,284.20M,645.00M,,1999-03,3.975,0.00,3.881,3.975,,1999-03,3.960,2.717,3.866,3.960,242.00M,242.93M,0.8250,,1999-03,,
1998-12,4.235B,4.235B,2.594B,1.641B,,13.80M,80.70M,,,958.00M,1.139B,502.00M,,,13.80M,,353.00M,129.30M,223.70M,,,-33.90M,4.50M,223.70M,214.95M,502.00M,,1998-12,0.8550,0.03,0.8193,0.8850,,1998-12,0.8400,0.0002,0.8047,0.8700,245.08M,247.90M,0.8250,,1998-12,,
1998-09,5.298B,5.298B,3.479B,1.819B,,45.10M,95.80M,,,617.90M,993.60M,825.80M,,,45.10M,,702.20M,273.50M,428.70M,,,-30.00M,4.90M,428.70M,401.17M,825.80M,,1998-09,1.770,0.00,1.655,1.770,,1998-09,1.770,,1.655,1.770,239.43M,239.43M,0.8250,,1998-09,,
1998-06,4.014B,4.014B,2.474B,1.540B,,33.60M,91.50M,,,633.40M,990.80M,548.80M,,,33.60M,,442.90M,163.40M,279.50M,,,-16.70M,5.10M,279.50M,258.30M,548.80M,,1998-06,1.140,0.00,1.052,1.140,,1998-06,1.140,,1.052,1.140,240.70M,240.70M,0.8250,,1998-06,,
