,OperatingRevenue,Revenue,CostofGoodsSold,GrossProfit,GeneralandAdministrativeExpense,SG&AExpense,SpecialIncomeandCharges,NonIncomeTaxes,OperatingInterestExpense,NetOperatingInterestIncome,OtherOperatingExpenses,TotalOperatingExpenses,OperatingIncome,Non-OperatingInterestExpense,NetNon-OperatingInterestIncomeExpense,OtherIncomeandExpenses,NetInterestIncome,Pre-TaxIncome,ProvisionforIncomeTaxes,IncomefromContinuingOperations,"ExtraordinaryItems,IncomeStatement",IncomeAttributabletoMinorityInterest,PreferredStockDividend,NetIncome,NormalizedIncome,EBIT,,BasicEPS(Quarterly),EPSBasicfromContinuingOperations,EPSBasicfromDiscontinuedOperations,EPSBasic,,DilutedEPS(Quarterly),EPSDilutedfromContinuingOperations,EPSDilutedfromDiscontinuedOperations,EPSDiluted,,SharesData(Quarterly),DividendPerShare,,SECFilingLinks,AsOriginallyReported,Restated
2020-09,1.694B,1.694B,1.348B,345.40M,,127.10M,-8.40M,,24.40M,-24.40M,,127.10M,218.30M,24.40M,-24.40M,-8.20M,-24.40M,185.70M,46.60M,139.10M,,,,139.10M,145.40M,210.10M,,2020-09,1.47,,1.47,,2020-09,1.46,,1.46,,2020-09,0.79,,2020-09,AOR,
2020-06,1.542B,1.542B,1.216B,325.80M,,136.30M,-73.50M,,25.10M,-25.10M,,136.30M,189.50M,25.10M,-25.10M,-72.80M,-25.10M,91.60M,34.90M,56.70M,,,,56.70M,102.12M,116.70M,,2020-06,0.60,,0.60,,2020-06,0.59,,0.59,,2020-06,0.79,,2020-06,AOR,
2020-03,1.709B,1.709B,1.344B,365.00M,,145.90M,-6.40M,,19.60M,-19.60M,,145.90M,219.10M,19.60M,-19.60M,-9.40M,-19.60M,190.10M,48.40M,141.70M,,,,141.70M,146.47M,209.70M,,2020-03,1.50,,1.50,,2020-03,1.49,,1.49,,2020-03,0.79,,2020-03,AOR,
2019-12,1.72B,1.72B,1.337B,383.30M,,137.00M,-7.30M,,60.80M,-60.80M,,137.00M,246.30M,60.80M,-60.80M,-13.10M,-60.80M,172.40M,36.20M,136.20M,,,,136.20M,141.97M,233.20M,,2019-12,1.44,,1.44,,2019-12,1.43,,1.43,,2019-12,0.79,,2019-12,AOR,
2019-09,1.751B,1.751B,1.339B,411.40M,,136.90M,-9.50M,,21.60M,-21.60M,,136.90M,274.50M,21.60M,-21.60M,-13.60M,-21.60M,239.30M,59.50M,179.80M,,,,179.80M,186.93M,260.90M,,2019-09,1.90,,1.90,,2019-09,1.89,,1.89,,2019-09,0.79,,2019-09,AOR,Restated
2019-06,1.760B,1.760B,1.332B,427.90M,,143.70M,-4.50M,,22.40M,-22.40M,,143.70M,284.20M,22.40M,-22.40M,-5.80M,-22.40M,256.00M,62.40M,193.60M,,,,193.60M,197.00M,278.40M,,2019-06,2.05,,2.05,,2019-06,2.04,,2.04,,2019-06,0.79,,2019-06,AOR,Restated
2019-03,1.734B,1.734B,1.312B,421.40M,,140.00M,-4.70M,,24.10M,-24.10M,,140.00M,281.40M,24.10M,-24.10M,-8.00M,-24.10M,249.30M,62.50M,186.80M,,,,186.80M,190.32M,273.40M,,2019-03,1.98,,1.98,,2019-03,1.97,,1.97,,2019-03,0.79,,2019-03,AOR,Restated
2018-12,1.746B,1.746B,1.321B,425.40M,,129.70M,-6.30M,,21.70M,-21.70M,,129.70M,295.70M,21.70M,-21.70M,-9.50M,-21.70M,264.50M,59.90M,204.60M,,,,204.60M,209.47M,286.20M,,2018-12,2.17,,2.17,,2018-12,2.16,,2.16,,2018-12,0.79,,2018-12,AOR,Restated
2018-09,1.810B,1.810B,1.367B,443.20M,,134.20M,-10.90M,,23.90M,-23.90M,,134.20M,309.00M,23.90M,-23.90M,-11.00M,-23.90M,274.10M,67.40M,206.70M,,,,206.70M,214.92M,298.00M,,2018-09,2.19,,2.19,,2018-09,2.18,,2.18,,2018-09,0.79,,2018-09,AOR,Restated
2018-06,1.768B,1.768B,1.347B,420.60M,,137.70M,-11.30M,,23.80M,-23.80M,,137.70M,282.90M,23.80M,-23.80M,-13.80M,-23.80M,245.30M,58.70M,186.60M,,,,186.60M,195.20M,269.10M,,2018-06,1.98,,1.98,,2018-06,1.97,,1.97,,2018-06,0.79,,2018-06,AOR,Restated
2018-03,1.691B,1.691B,1.334B,356.10M,,134.90M,-5.90M,,25.80M,-25.80M,,134.90M,221.20M,25.80M,-25.80M,-8.80M,-25.80M,186.60M,46.50M,140.10M,,,,140.10M,144.53M,212.40M,,2018-03,1.48,,1.48,,2018-03,1.48,,1.48,,2018-03,0.63,,2018-03,AOR,Restated
2017-12,1.684B,1.684B,1.313B,371.40M,,133.00M,15.10M,,27.10M,-27.10M,,133.00M,238.40M,27.10M,-27.10M,12.70M,-27.10M,224.00M,-44.90M,268.90M,,,,268.90M,259.84M,251.10M,,2017-12,2.85,,2.85,,2017-12,2.84,,2.84,,2017-12,0.63,,2017-12,AOR,Restated
2017-09,1.640B,1.640B,1.243B,397.00M,,129.60M,-25.40M,,25.70M,-25.70M,,129.60M,267.40M,25.70M,-25.70M,-24.80M,-25.70M,216.90M,77.80M,139.10M,,,,139.10M,155.38M,242.60M,,2017-09,1.47,,1.47,,2017-09,1.47,,1.47,,2017-09,0.63,,2017-09,AOR,Restated
2017-06,1.584B,1.584B,1.220B,364.30M,,129.60M,-0.40M,,25.50M,-25.50M,,129.60M,234.70M,25.50M,-25.50M,-0.60M,-25.50M,208.60M,65.40M,143.20M,,,,143.20M,143.47M,234.10M,,2017-06,1.52,,1.52,,2017-06,1.52,,1.52,,2017-06,0.63,,2017-06,AOR,Restated
2017-03,1.536B,1.536B,1.198B,338.20M,,127.80M,-5.80M,,24.30M,-24.30M,,127.80M,210.40M,24.30M,-24.30M,-7.00M,-24.30M,179.10M,61.70M,117.40M,,,,117.40M,121.20M,203.40M,,2017-03,1.25,,1.25,,2017-03,1.24,,1.24,,2017-03,0.63,,2017-03,AOR,Restated
2016-12,1.477B,1.477B,1.149B,327.50M,,122.50M,-14.40M,,27.30M,-27.30M,,122.50M,205.00M,27.30M,-27.30M,-9.10M,-27.30M,168.60M,57.90M,110.70M,,,,110.70M,120.15M,195.90M,,2016-12,1.17,,1.17,,2016-12,1.17,,1.17,,2016-12,0.63,,2016-12,AOR,Restated
2016-09,1.484B,1.484B,1.154B,329.50M,,116.90M,-4.20M,,23.40M,-23.40M,,116.90M,212.60M,23.40M,-23.40M,-6.20M,-23.40M,183.00M,63.70M,119.30M,,,,119.30M,122.04M,206.40M,,2016-09,1.27,,1.27,,2016-09,1.26,,1.26,,2016-09,0.63,,2016-09,AOR,Restated
2016-06,1.417B,1.417B,1.097B,320.10M,,114.80M,,,22.50M,-22.50M,,114.80M,205.30M,22.50M,-22.50M,-5.10M,-22.50M,177.70M,61.80M,115.90M,,,,115.90M,115.90M,200.20M,,2016-06,1.23,,1.23,,2016-06,1.23,,1.23,,2016-06,0.55,,2016-06,AOR,Restated
2016-03,1.401B,1.401B,1.102B,299.00M,,114.30M,-3.80M,,21.60M,-21.60M,,114.30M,184.70M,21.60M,-21.60M,-3.90M,-21.60M,159.20M,55.50M,103.70M,,,,103.70M,106.18M,180.80M,,2016-03,1.09,,1.09,,2016-03,1.09,,1.09,,2016-03,0.55,,2016-03,AOR,Restated
2015-12,1.391B,1.391B,1.106B,285.10M,,105.40M,-4.70M,0.00,22.30M,-22.30M,,105.40M,179.70M,22.30M,-22.30M,-3.80M,-22.30M,153.60M,49.40M,104.20M,,,,104.20M,107.39M,175.90M,,2015-12,1.07,,1.07,,2015-12,1.07,,1.07,,2015-12,0.55,,2015-12,AOR,Restated
2015-09,1.471B,1.471B,1.142B,328.30M,,112.70M,3.10M,0.00,21.70M,-21.70M,,112.70M,215.60M,21.70M,-21.70M,3.80M,-21.70M,197.70M,69.90M,127.80M,,0.00,,127.80M,125.80M,219.40M,,2015-09,1.31,,1.31,,2015-09,1.31,,1.31,,2015-09,0.55,,2015-09,AOR,Restated
2015-06,1.454B,1.454B,1.137B,317.70M,,115.90M,-6.30M,0.00,22.20M,-22.20M,,115.90M,201.80M,22.20M,-22.20M,-4.20M,-22.20M,175.40M,61.40M,114.00M,,,,114.00M,118.10M,197.60M,,2015-06,1.16,,1.16,,2015-06,1.16,,1.16,,2015-06,0.55,,2015-06,AOR,Restated
2015-03,1.426B,1.426B,1.149B,277.00M,,117.30M,-5.20M,-3.60M,19.20M,-19.20M,,113.70M,163.30M,19.20M,-19.20M,-6.20M,-19.20M,137.90M,47.10M,90.80M,,,,90.80M,94.22M,157.10M,,2015-03,0.92,,0.92,,2015-03,0.92,,0.92,,2015-03,0.55,,2015-03,AOR,Restated
2014-12,1.434B,1.434B,1.137B,297.00M,,110.50M,-12.80M,0.00,23.10M,-23.10M,,110.50M,186.50M,23.10M,-23.10M,-13.30M,-23.10M,150.10M,51.60M,98.50M,,,,98.50M,106.90M,173.20M,,2014-12,1.00,,1.00,,2014-12,1.00,,1.00,,2014-12,0.40,,2014-12,AOR,Restated
2014-09,1.519B,1.519B,1.199B,320.30M,,119.60M,-10.20M,0.00,23.10M,-23.10M,,119.60M,200.70M,23.10M,-23.10M,-12.30M,-23.10M,165.30M,60.90M,104.40M,,,,104.40M,110.85M,188.40M,,2014-09,1.06,,1.06,,2014-09,1.06,,1.06,,2014-09,0.40,,2014-09,AOR,Restated
2014-06,1.468B,1.468B,1.158B,310.80M,,122.90M,-8.00M,0.00,21.40M,-21.40M,,122.90M,187.90M,21.40M,-21.40M,-7.70M,-21.40M,158.80M,59.20M,99.60M,,,,99.60M,104.62M,180.20M,,2014-06,1.01,,1.01,,2014-06,1.01,,1.01,,2014-06,0.40,,2014-06,AOR,Restated
2014-03,1.431B,1.431B,1.130B,301.40M,,116.50M,-24.10M,0.00,20.80M,-20.80M,,116.50M,184.90M,20.80M,-20.80M,-24.00M,-20.80M,140.10M,50.00M,90.10M,,,,90.10M,105.60M,160.90M,,2014-03,0.92,,0.92,,2014-03,0.92,,0.92,,2014-03,0.40,,2014-03,AOR,Restated
2013-12,1.264B,1.264B,1.005B,259.40M,,99.99M,-36.80M,,27.97M,-27.97M,,99.99M,159.41M,27.97M,-27.97M,-36.49M,-27.97M,94.95M,-133.12M,228.07M,,,,228.07M,252.00M,122.92M,,2013-12,2.35,,2.35,,2013-12,2.33,,2.33,,2013-12,0.40,,2013-12,AOR,Restated
2013-09,845.44M,845.44M,617.84M,227.60M,,77.10M,-8.097M,,11.85M,-11.85M,,77.10M,150.50M,11.85M,-11.85M,-7.721M,-11.85M,130.93M,46.25M,84.68M,,,,84.68M,89.92M,142.78M,,2013-09,0.88,,0.88,,2013-09,0.87,,0.87,,2013-09,0.40,,2013-09,AOR,Restated
2013-06,800.23M,800.23M,604.98M,195.25M,,74.22M,-11.02M,,9.232M,-9.232M,,74.22M,121.02M,9.232M,-9.232M,-10.83M,-9.232M,100.96M,34.71M,66.25M,,,,66.25M,73.48M,110.20M,,2013-06,0.69,,0.69,,2013-06,0.68,,0.68,,2013-06,0.40,,2013-06,AOR,Restated
2013-03,755.21M,755.21M,569.96M,185.25M,,75.28M,-2.779M,,9.251M,-9.251M,,75.28M,109.96M,9.251M,-9.251M,-3.961M,-9.251M,96.75M,34.46M,62.29M,,,,62.29M,64.08M,106.00M,,2013-03,0.65,,0.65,,2013-03,0.64,,0.64,,2013-03,0.3125,,2013-03,AOR,Restated
2012-12,736.60M,736.60M,567.58M,169.02M,,72.85M,,0.00,9.371M,-9.371M,,72.85M,96.17M,9.371M,-9.371M,-3.614M,-9.371M,83.19M,25.78M,57.41M,,,,57.41M,57.41M,92.56M,,2012-12,0.63,,0.63,,2012-12,0.63,,0.63,,2012-12,0.25,,2012-12,AOR,Restated
2012-09,723.47M,723.47M,560.92M,162.55M,68.52M,68.52M,,,30.59M,-30.59M,,68.52M,94.03M,30.59M,-30.59M,-1.961M,-30.59M,61.48M,21.69M,39.79M,,,,39.79M,39.79M,92.07M,,2012-09,0.41,,0.41,,2012-09,0.41,,0.41,,2012-09,0.25,,2012-09,AOR,Restated
2012-06,712.47M,712.47M,554.36M,158.11M,70.60M,70.60M,,,13.26M,-13.26M,,70.60M,87.50M,13.26M,-13.26M,-3.646M,-13.26M,70.60M,25.45M,45.15M,,,,45.15M,45.15M,83.86M,,2012-06,0.47,,0.47,,2012-06,0.46,,0.46,,2012-06,0.25,,2012-06,AOR,Restated
2012-03,671.36M,671.36M,526.34M,145.02M,68.83M,68.83M,,-95.50M,9.683M,-9.683M,,-26.67M,171.69M,9.683M,-9.683M,-2.579M,-9.683M,159.43M,141.58M,17.84M,,,,17.84M,17.84M,169.11M,,2012-03,0.18,,0.18,,2012-03,0.18,,0.18,,2012-03,0.25,,2012-03,AOR,Restated
2011-12,654.31M,654.31M,520.07M,134.23M,,65.16M,-12.73M,,9.294M,-9.294M,,55.70M,78.53M,9.294M,-9.294M,,-9.294M,58.51M,19.05M,39.46M,,,,39.46M,48.05M,67.81M,,2011-12,0.40,,0.40,,2011-12,0.40,,0.40,,2011-12,0.20,,2011-12,AOR,Restated
2011-09,670.82M,670.82M,533.08M,137.75M,,65.34M,,,6.727M,-6.727M,1.229M,66.57M,71.18M,6.727M,-6.727M,,-6.727M,64.45M,22.68M,41.78M,,,,41.78M,41.78M,71.18M,,2011-09,0.42,0.00,0.42,,2011-09,0.42,0.00,0.42,,2011-09,0.20,,2011-09,AOR,Restated
2011-06,665.48M,665.48M,528.58M,136.90M,,64.54M,,,6.321M,-6.321M,4.498M,69.04M,67.86M,6.321M,-6.321M,,-6.321M,61.54M,22.17M,39.37M,,,,39.37M,39.37M,67.86M,,2011-06,0.39,0.00,0.39,,2011-06,0.39,0.00,0.39,,2011-06,0.20,,2011-06,AOR,Restated
2011-03,629.50M,629.50M,496.36M,133.14M,,63.50M,0.00,,,-6.903M,3.733M,67.24M,65.90M,,-6.903M,,-6.903M,59.00M,21.58M,37.42M,,,,37.42M,37.42M,65.90M,,2011-03,0.37,0.00,0.37,,2011-03,0.37,0.00,0.37,,2011-03,0.20,,2011-03,AOR,Restated
2010-12,626.65M,626.65M,479.37M,147.28M,,60.90M,,-16.37M,,-7.559M,,30.96M,116.33M,,-7.559M,,-7.559M,88.80M,33.91M,54.89M,,,,54.89M,54.89M,96.36M,,2010-12,0.54,,0.54,,2010-12,0.54,,0.54,,2010-12,0.15,,2010-12,AOR,Restated
2010-09,642.76M,642.76M,476.31M,166.45M,,62.75M,,111.87M,,-7.903M,4.179M,178.79M,-12.34M,,-7.903M,,-7.903M,-20.24M,-113.56M,93.32M,,,,93.32M,93.32M,-12.34M,,2010-09,0.92,0.00,0.92,,2010-09,0.91,0.00,0.91,,2010-09,0.15,,2010-09,AOR,Restated
2010-06,615.46M,615.46M,483.79M,131.66M,,60.04M,0.00,,,-8.093M,3.88M,63.92M,67.75M,,-8.093M,,-8.093M,59.65M,21.62M,38.03M,,,,38.03M,38.03M,67.75M,,2010-06,0.37,0.00,0.37,,2010-06,0.37,0.00,0.37,,2010-06,0.15,,2010-06,AOR,Restated
2010-03,550.73M,550.73M,463.93M,86.80M,,56.91M,9.235M,,,-8.723M,5.511M,62.42M,24.38M,,-8.723M,9.235M,-8.723M,24.89M,5.699M,19.19M,,,,19.19M,12.07M,24.38M,,2010-03,0.19,0.00,0.19,,2010-03,0.19,0.00,0.19,,2010-03,0.15,,2010-03,AOR,Restated
2009-12,532.26M,532.26M,444.72M,87.54M,,55.62M,41.60M,,,-8.954M,2.72M,58.34M,29.19M,,-8.954M,41.60M,-8.954M,61.84M,3.162M,58.68M,,,,58.68M,19.21M,29.19M,,2009-12,0.58,0.00,0.58,,2009-12,0.57,0.00,0.57,,2009-12,0.15,,2009-12,AOR,Restated
2009-09,553.57M,553.57M,443.04M,110.53M,,57.45M,47.14M,,,-8.961M,3.892M,61.34M,49.19M,,-8.961M,47.14M,-8.961M,87.37M,14.72M,72.66M,,,,72.66M,33.46M,49.19M,,2009-09,0.71,0.00,0.71,,2009-09,0.71,0.00,0.71,,2009-09,0.15,,2009-09,AOR,Restated
2009-06,549.38M,549.38M,430.88M,118.50M,,58.21M,79.70M,,,-8.83M,4.265M,62.48M,56.02M,,-8.83M,79.70M,-8.83M,126.89M,18.01M,108.88M,,,,108.88M,40.50M,56.02M,,2009-06,1.07,0.00,1.07,,2009-06,1.07,0.00,1.07,,2009-06,0.15,,2009-06,AOR,Restated
2009-03,512.38M,512.38M,402.37M,110.01M,,56.74M,0.00,,,-8.738M,3.658M,60.40M,49.61M,,-8.738M,,-8.738M,40.87M,15.19M,25.68M,,,,25.68M,25.68M,49.61M,,2009-03,0.25,0.00,0.25,,2009-03,0.25,0.00,0.25,,2009-03,0.15,,2009-03,AOR,Restated
2008-12,546.05M,546.05M,432.10M,113.95M,,57.91M,0.00,,,-9.098M,4.248M,62.16M,51.79M,,-9.098M,,-9.098M,42.69M,12.45M,30.24M,,,,30.24M,30.24M,51.79M,,2008-12,0.30,0.00,0.30,,2008-12,0.30,0.00,0.30,,2008-12,0.30,,2008-12,AOR,Restated
2008-09,620.78M,620.78M,488.73M,132.05M,,60.88M,0.00,,,-8.071M,2.469M,63.35M,68.70M,,-8.071M,,-8.071M,60.63M,22.53M,38.10M,,,,38.10M,38.10M,68.70M,,2008-09,0.37,0.00,0.37,,2008-09,0.37,0.00,0.37,,2008-09,0.30,,2008-09,,Restated
2008-06,616.18M,616.18M,488.99M,127.20M,,57.86M,0.00,,,-8.197M,5.166M,63.02M,64.17M,,-8.197M,,-8.197M,55.98M,20.78M,35.19M,,,,35.19M,35.19M,64.17M,,2008-06,0.34,0.00,0.34,,2008-06,0.34,0.00,0.34,,2008-06,0.30,,2008-06,,Restated
2008-03,577.47M,577.47M,459.31M,118.16M,,57.64M,,,,-6.303M,3.376M,61.02M,57.15M,,-6.303M,,-6.303M,50.84M,18.77M,32.07M,,,,32.07M,32.07M,57.15M,,2008-03,0.31,0.00,0.31,,2008-03,0.31,0.00,0.31,,2008-03,0.30,,2008-03,,Restated
2007-12,580.18M,580.18M,448.18M,131.99M,,57.28M,,,,,-0.331M,56.95M,75.04M,,,,,69.26M,25.27M,43.99M,,,,43.99M,43.99M,75.04M,,2007-12,0.42,0.00,0.42,,2007-12,0.41,0.00,0.41,,2007-12,0.30,,2007-12,,Restated
2007-09,591.04M,591.04M,451.48M,139.56M,,55.99M,-2.077M,,,,2.077M,58.07M,81.49M,,,-2.077M,,75.74M,27.09M,48.66M,,,,48.66M,49.99M,81.49M,,2007-09,0.46,0.00,0.46,,2007-09,0.46,0.00,0.46,,2007-09,0.25,,2007-09,,
2007-06,585.63M,585.63M,445.52M,140.11M,,57.57M,-2.317M,,,,2.297M,59.87M,80.24M,,,-2.317M,,73.30M,27.07M,46.23M,,,,46.23M,47.69M,80.24M,,2007-06,0.44,0.00,0.44,,2007-06,0.44,0.00,0.44,,2007-06,0.25,,2007-06,,
2007-03,559.16M,559.16M,446.17M,112.99M,,54.85M,-1.444M,,,,1.444M,56.29M,56.70M,,,-1.444M,,49.56M,18.37M,31.19M,,,,31.19M,32.10M,56.70M,,2007-03,0.30,0.00,0.30,,2007-03,0.30,0.00,0.30,,2007-03,0.25,,2007-03,,
2006-12,553.05M,553.05M,432.15M,120.90M,,53.68M,-0.943M,,,,0.943M,54.63M,66.27M,,,-0.943M,,59.18M,20.78M,38.40M,,,,38.40M,39.01M,66.27M,,2006-12,0.37,0.00,0.37,,2006-12,0.37,0.00,0.37,,2006-12,0.25,,2006-12,,
2006-09,575.04M,575.04M,440.56M,134.48M,,54.98M,-2.922M,,,,2.922M,57.90M,76.59M,,,-2.922M,,68.74M,25.12M,43.62M,,,,43.62M,45.47M,76.59M,,2006-09,0.42,0.00,0.42,,2006-09,0.42,0.00,0.42,,2006-09,0.25,,2006-09,,
2006-06,551.10M,551.10M,439.21M,111.88M,,51.88M,-2.449M,,,,2.449M,54.33M,57.55M,,,-2.449M,,49.34M,17.26M,32.08M,,,,32.08M,33.67M,57.55M,,2006-06,0.31,0.00,0.31,,2006-06,0.31,0.00,0.31,,2006-06,0.25,,2006-06,,
2006-03,507.86M,507.86M,431.24M,76.61M,,48.88M,-2.215M,,,,2.215M,51.10M,25.52M,,,-2.215M,,17.47M,6.531M,10.94M,,,,10.94M,12.32M,25.52M,,2006-03,0.11,0.00,0.11,,2006-03,0.10,0.00,0.10,,2006-03,0.25,,2006-03,,
2005-12,472.71M,472.71M,415.58M,57.13M,,46.57M,-2.545M,,,,2.545M,49.12M,8.012M,,,-2.545M,,1.072M,-0.587M,1.659M,,,,1.659M,3.186M,8.012M,,2005-12,0.02,0.00,0.02,,2005-12,0.02,0.00,0.02,,2005-12,0.25,,2005-12,,
2005-09,512.19M,512.19M,431.69M,80.50M,,50.37M,-3.828M,,,,3.828M,54.20M,26.30M,,,-3.828M,,19.22M,8.654M,10.57M,,,,10.57M,12.86M,26.30M,,2005-09,0.10,0.00,0.10,,2005-09,0.10,0.00,0.10,,2005-09,0.25,,2005-09,,
2005-06,519.32M,519.32M,423.41M,95.92M,,50.28M,8.64M,,,,-8.64M,41.64M,54.28M,,,8.64M,,47.20M,19.44M,27.76M,,,,27.76M,22.58M,54.28M,,2005-06,0.26,0.00,0.26,,2005-06,0.26,0.00,0.26,,2005-06,0.25,,2005-06,,
2005-03,489.44M,489.44M,416.17M,73.27M,,46.82M,1.089M,,,,,46.82M,26.44M,,,1.089M,,20.54M,7.919M,12.62M,,,,12.62M,11.95M,26.44M,,2005-03,0.12,0.00,0.12,,2005-03,0.12,0.00,0.12,,2005-03,0.25,,2005-03,,
2004-12,492.65M,492.65M,404.24M,88.41M,,47.84M,26.98M,,,,,24.24M,64.17M,,,26.98M,,60.34M,21.97M,38.37M,,,,38.37M,21.22M,64.17M,,2004-12,0.36,0.00,0.36,,2004-12,0.36,0.00,0.36,,2004-12,0.15,,2004-12,,
2004-09,498.75M,498.75M,400.77M,97.98M,,47.53M,-2.345M,,,,,47.53M,50.45M,,,-2.345M,,40.67M,16.07M,24.61M,,,,24.61M,26.03M,50.45M,,2004-09,0.23,0.00,0.23,,2004-09,0.23,0.00,0.23,,2004-09,0.15,,2004-09,,
2004-06,467.42M,467.42M,396.72M,70.70M,,42.91M,0.256M,,,,,42.91M,27.79M,,,0.256M,,20.50M,8.166M,12.33M,,,,12.33M,12.18M,27.79M,,2004-06,0.12,0.00,0.12,,2004-06,0.11,0.00,0.11,,2004-06,0.15,,2004-06,,
2004-03,431.27M,431.27M,390.64M,40.63M,,42.54M,-1.286M,,,,,42.54M,-1.912M,,,-1.286M,,-10.60M,-4.016M,-6.585M,,,,-6.585M,-5.786M,-1.912M,,2004-03,-0.06,0.00,-0.06,,2004-03,-0.06,0.00,-0.06,,2004-03,0.15,,2004-03,,
2003-12,431.20M,431.20M,362.39M,68.80M,,43.54M,-18.73M,,,,,70.69M,-1.887M,,,-18.73M,,-1.121M,-1.298M,0.177M,,,,0.177M,11.42M,-1.887M,,2003-12,0.00,0.00,0.00,,2003-12,0.00,0.00,0.00,,2003-12,0.15,,2003-12,,
2003-09,444.60M,444.60M,366.19M,78.41M,,46.24M,-2.644M,,,,,46.24M,32.17M,,,-2.644M,,-53.07M,-20.73M,-32.34M,,,,-32.34M,-30.72M,32.17M,,2003-09,-0.31,0.00,-0.31,,2003-09,-0.31,0.00,-0.31,,2003-09,,,2003-09,,
2003-06,436.47M,436.47M,357.54M,78.93M,,42.51M,-3.104M,,,,3.104M,45.61M,33.32M,,,-3.104M,,17.60M,6.925M,10.67M,,,,10.67M,12.56M,33.32M,,2003-06,0.10,0.00,0.10,,2003-06,0.10,0.00,0.10,,2003-06,,,2003-06,,
2003-03,423.27M,423.27M,351.10M,72.16M,,42.01M,-2.671M,,,,,42.01M,30.15M,,,-2.671M,,11.71M,4.587M,7.127M,,,,7.127M,8.752M,30.15M,,2003-03,0.07,0.00,0.07,,2003-03,0.07,0.00,0.07,,2003-03,,,2003-03,,
2002-12,418.19M,418.19M,338.28M,79.92M,,41.67M,-2.729M,,,,,49.74M,30.18M,,,-2.729M,,19.08M,6.72M,12.36M,,,,12.36M,14.13M,30.18M,,2002-12,0.12,0.00,0.12,,2002-12,0.12,0.00,0.12,,2002-12,,,2002-12,,
2002-09,455.57M,455.57M,368.95M,86.62M,,42.97M,-3.609M,,,,,42.97M,43.64M,,,-3.609M,,23.29M,8.688M,14.60M,,,,14.60M,16.86M,43.64M,,2002-09,0.14,0.00,0.14,,2002-09,0.14,0.00,0.14,,2002-09,,,2002-09,,
2002-06,447.39M,447.39M,363.70M,83.69M,,44.93M,-2.201M,,,,2.201M,47.13M,36.56M,,,-2.201M,,19.26M,7.669M,11.60M,,,,11.60M,12.92M,36.56M,,2002-06,0.11,0.00,0.11,,2002-06,0.11,0.00,0.11,,2002-06,,,2002-06,,
2002-03,414.71M,414.71M,340.29M,74.41M,,41.71M,0.47M,,,,-0.47M,41.24M,33.17M,,,0.47M,,15.98M,6.358M,9.626M,,,,9.626M,9.343M,33.17M,,2002-03,0.09,0.00,0.09,,2002-03,0.09,0.00,0.09,,2002-03,,,2002-03,,
2001-12,413.11M,413.11M,323.38M,89.74M,,40.10M,-1.059M,,,,,-220.26M,310.00M,,,-1.059M,,-25.44M,11.80M,19.00M,0.00,,,18.39M,19.63M,310.00M,,2001-12,0.18,-0.01,0.17,,2001-12,0.18,-0.01,0.17,,2001-12,,,2001-12,,
2001-09,455.21M,455.21M,346.37M,108.84M,,40.94M,-2.536M,,,,2.536M,43.48M,65.36M,,,-2.536M,,47.54M,18.39M,29.15M,,,,29.15M,30.71M,65.36M,,2001-09,0.27,0.00,0.27,,2001-09,0.27,0.00,0.27,,2001-09,,,2001-09,,
2001-06,466.96M,466.96M,354.78M,112.18M,,42.14M,-0.492M,,,,0.492M,42.63M,69.55M,,,-0.492M,,50.70M,19.44M,31.26M,,,,31.26M,31.56M,69.55M,,2001-06,0.29,0.00,0.29,,2001-06,0.29,0.00,0.29,,2001-06,,,2001-06,,
2001-03,454.67M,454.67M,347.49M,107.18M,,41.00M,-0.219M,,,,0.219M,41.22M,65.96M,,,-0.219M,,46.40M,18.28M,28.11M,-0.495M,,,27.62M,28.25M,65.96M,,2001-03,0.26,0.00,0.26,,2001-03,0.25,0.00,0.25,,2001-03,,,2001-03,,
2000-12,465.93M,465.93M,192.69M,273.24M,,38.13M,60.09M,,,,,-163.88M,437.12M,,,60.09M,,121.58M,47.16M,74.43M,,,0.00,63.37M,37.64M,437.12M,,2000-12,0.61,0.00,0.61,,2000-12,0.58,0.00,0.58,,2000-12,,,2000-12,,
2000-09,487.68M,487.68M,350.43M,137.24M,,38.51M,-2.165M,,,,2.165M,40.68M,96.57M,,,-2.165M,,66.68M,26.67M,40.01M,,,,40.01M,41.31M,96.57M,,2000-09,0.38,0.00,0.38,,2000-09,0.37,0.00,0.37,,2000-09,,,2000-09,,
2000-06,492.37M,492.37M,363.71M,128.66M,,39.33M,-0.80M,,,,0.80M,40.13M,88.54M,,,-0.80M,,56.39M,23.11M,33.28M,,,,33.28M,33.76M,88.54M,,2000-06,0.31,0.00,0.31,,2000-06,0.31,0.00,0.31,,2000-06,,,2000-06,,
2000-03,456.13M,456.13M,312.64M,143.48M,,36.11M,2.867M,,,,,73.61M,69.87M,,,2.867M,,42.50M,17.25M,25.25M,,,18.64M,25.25M,23.53M,69.87M,,2000-03,0.07,0.00,0.07,,2000-03,0.06,0.00,0.06,,2000-03,,,2000-03,,
1999-12,500.80M,500.80M,,,,,,,,,,,-635.40M,,,,,,,26.50M,,,,19.60M,26.50M,-635.40M,,1999-12,,,0.0973,,1999-12,,,0.0973,,1999-12,,,1999-12,,
1999-09,272.20M,272.20M,,,,,,,,,,,272.20M,,,,,,,7.00M,,,,7.00M,7.00M,272.20M,,1999-09,0.05,0.00,0.05,,1999-09,0.05,0.00,0.05,,1999-09,,,1999-09,,
1999-06,272.20M,272.20M,,,,,,,,,,,272.20M,,,,,,,7.00M,,,,7.00M,7.00M,272.20M,,1999-06,0.05,0.00,0.05,,1999-06,0.05,0.00,0.05,,1999-06,,,1999-06,,
1999-03,272.20M,272.20M,,,,,,,,,,,272.20M,,,,,,,7.00M,,,,7.00M,7.00M,272.20M,,1999-03,0.05,0.00,0.05,,1999-03,0.05,0.00,0.05,,1999-03,,,1999-03,,
