,OperatingRevenue,Revenue,CostofGoodsSold,GrossProfit,InvestmentWriteOff,SpecialIncomeandCharges,NonIncomeTaxes,OperatingInterestExpense,OperatingInterestIncome,NetOperatingInterestIncome,OtherOperatingExpenses,TotalOperatingExpenses,OperatingIncome,Non-OperatingInterestIncome,Non-OperatingInterestExpense,NetNon-OperatingInterestIncomeExpense,OtherIncomeandExpenses,NetInterestIncome,Pre-TaxIncome,ProvisionforIncomeTaxes,IncomefromContinuingOperations,IncomefromDiscontinuedOperations,"ExtraordinaryItems,IncomeStatement",IncomeAttributabletoMinorityInterest,NetIncome,ReconciledDepreciation,EBIT,,BasicEPS(Quarterly),EPSBasicfromContinuingOperations,EPSBasicfromTaxLossCarryforward,NormalizedBasicEPS,EPSBasic,,DilutedEPS(Quarterly),EPSDilutedfromExtraordinaries,EPSDilutedfromTaxLossCarryforward,NormalizedDilutedEPS,SharesData(Quarterly),AverageBasicSharesOutstanding,AverageDilutedSharesOutstanding,DividendPerShare,,SECFilingLinks,AsOriginallyReported,Restated
2020-09,2.37B,2.37B,1.542B,828.00M,,122.00M,,149.00M,,-149.00M,,317.00M,511.00M,,149.00M,-149.00M,334.00M,-149.00M,696.00M,121.00M,575.00M,,,,575.00M,368.00M,845.00M,,2020-09,1.15,,0.7746,1.15,,2020-09,,,0.7668,2020-09,504.00M,507.00M,0.49,,2020-09,AOR,
2020-06,2.05B,2.05B,1.328B,722.00M,,0.00,,131.00M,18.00M,-113.00M,,315.00M,407.00M,18.00M,131.00M,-113.00M,266.00M,-113.00M,560.00M,109.00M,451.00M,,,,451.00M,361.00M,691.00M,,2020-06,0.89,,0.5688,0.89,,2020-06,,,0.5707,2020-06,504.00M,507.00M,0.49,,2020-06,AOR,
2020-03,2.781B,2.781B,1.66B,1.121B,,,,153.00M,,-153.00M,,324.00M,797.00M,,153.00M,-153.00M,-152.00M,-153.00M,492.00M,44.00M,448.00M,,,,448.00M,371.00M,645.00M,,2020-03,0.89,,1.289,0.89,,2020-03,,,1.277,2020-03,504.00M,507.00M,0.49,,2020-03,AOR,
2019-12,2.478B,2.478B,1.651B,827.00M,,48.00M,,152.00M,,-136.00M,,320.00M,507.00M,,152.00M,-136.00M,164.00M,-136.00M,535.00M,98.00M,437.00M,,,,437.00M,361.00M,687.00M,,2019-12,0.86,,0.5342,0.86,,2019-12,,,0.5362,2019-12,504.00M,507.00M,0.47,,2019-12,AOR,
2019-09,2.302B,2.302B,1.498B,804.00M,,-7.00M,,147.00M,,-147.00M,,307.00M,497.00M,,147.00M,-147.00M,83.00M,-147.00M,433.00M,30.00M,403.00M,,,,403.00M,355.00M,580.00M,,2019-09,0.80,,0.8185,0.80,,2019-09,,,0.8084,2019-09,504.00M,507.00M,0.47,,2019-09,AOR,Restated
2019-06,2.316B,2.316B,1.454B,862.00M,,-395.00M,,123.00M,20.00M,-103.00M,,307.00M,555.00M,20.00M,123.00M,-103.00M,-319.00M,-103.00M,133.00M,-20.00M,153.00M,,,,153.00M,349.00M,256.00M,,2019-06,0.30,,0.8156,0.30,,2019-06,,,0.8126,2019-06,504.00M,507.00M,0.47,,2019-06,AOR,Restated
2019-03,2.98B,2.98B,1.88B,1.10B,,,,133.00M,,-133.00M,,314.00M,786.00M,,133.00M,-133.00M,196.00M,-133.00M,849.00M,149.00M,700.00M,,,,700.00M,361.00M,982.00M,,2019-03,1.39,,1.181,1.39,,2019-03,,,1.172,2019-03,504.00M,507.00M,0.47,,2019-03,AOR,Restated
2018-12,2.468B,2.468B,1.717B,751.00M,,91.00M,,135.00M,,-117.00M,,304.00M,447.00M,,135.00M,-117.00M,-130.00M,-117.00M,200.00M,1.00M,199.00M,,,,199.00M,348.00M,335.00M,,2018-12,0.39,,0.4512,0.39,,2018-12,,,0.4508,2018-12,504.00M,507.00M,0.45,,2018-12,AOR,Restated
2018-09,2.394B,2.394B,1.546B,848.00M,,0.00,,127.00M,,-127.00M,,294.00M,554.00M,,127.00M,-127.00M,102.00M,-127.00M,529.00M,117.00M,412.00M,,,,412.00M,342.00M,656.00M,,2018-09,0.82,,0.7505,0.82,,2018-09,,,0.7409,2018-09,504.00M,507.00M,0.45,,2018-09,AOR,Restated
2018-06,2.016B,2.016B,1.325B,691.00M,,13.00M,,111.00M,20.00M,-91.00M,,280.00M,411.00M,20.00M,111.00M,-91.00M,46.00M,-91.00M,366.00M,97.00M,269.00M,,,,269.00M,325.00M,477.00M,,2018-06,0.53,,0.4994,0.53,,2018-06,,,0.4996,2018-06,504.00M,507.00M,0.45,,2018-06,AOR,Restated
2018-03,2.818B,2.818B,1.706B,1.112B,,14.00M,,103.00M,4.00M,-99.00M,,280.00M,832.00M,4.00M,103.00M,-99.00M,27.00M,-99.00M,760.00M,202.00M,558.00M,,,,558.00M,330.00M,863.00M,,2018-03,1.11,,1.104,1.11,,2018-03,,,1.094,2018-03,504.00M,507.00M,0.45,,2018-03,AOR,Restated
2017-12,2.107B,2.107B,1.479B,628.00M,,-14.00M,,102.00M,5.00M,-97.00M,,265.00M,363.00M,5.00M,102.00M,-97.00M,44.00M,-97.00M,310.00M,-646.00M,956.00M,,,,956.00M,312.00M,412.00M,,2017-12,1.88,,1.726,1.88,,2017-12,,,1.726,2017-12,505.00M,507.00M,0.43,,2017-12,AOR,Restated
2017-09,2.254B,2.254B,1.309B,945.00M,,14.00M,,100.00M,6.00M,-94.00M,,252.00M,693.00M,6.00M,100.00M,-94.00M,48.00M,-94.00M,647.00M,252.00M,395.00M,,,,395.00M,303.00M,747.00M,,2017-09,0.78,,0.7485,0.78,,2017-09,,,0.7487,2017-09,505.00M,507.00M,0.43,,2017-09,AOR,Restated
2017-06,2.142B,2.142B,1.306B,836.00M,,14.00M,,91.00M,5.00M,-86.00M,,641.00M,195.00M,5.00M,91.00M,-86.00M,59.00M,-86.00M,168.00M,59.00M,109.00M,,,,109.00M,688.00M,259.00M,,2017-06,0.22,,0.1853,0.22,,2017-06,,,0.1854,2017-06,505.00M,507.00M,0.43,,2017-06,AOR,Restated
2017-03,2.591B,2.591B,1.585B,1.006B,,14.00M,,98.00M,5.00M,-93.00M,,828.00M,178.00M,5.00M,98.00M,-93.00M,58.00M,-93.00M,143.00M,29.00M,114.00M,,,,114.00M,882.00M,241.00M,,2017-03,0.23,,0.1921,0.23,,2017-03,,,0.1823,2017-03,505.00M,508.00M,0.43,,2017-03,AOR,Restated
2016-12,1.995B,1.995B,1.351B,644.00M,,37.00M,,97.00M,5.00M,-92.00M,,797.00M,-153.00M,5.00M,97.00M,-92.00M,-4.00M,-92.00M,-249.00M,-151.00M,-98.00M,,,,-98.00M,846.00M,-152.00M,,2016-12,-0.1941,,-0.2250,-0.1941,,2016-12,,,-0.2248,2016-12,505.00M,508.00M,0.41,,2016-12,AOR,Restated
2016-09,2.45B,2.45B,1.642B,808.00M,5.00M,9.00M,,99.00M,6.00M,-93.00M,,231.00M,577.00M,6.00M,99.00M,-93.00M,31.00M,-93.00M,515.00M,188.00M,327.00M,,,,327.00M,280.00M,614.00M,,2016-09,0.65,,0.6135,0.65,,2016-09,,,0.6038,2016-09,505.00M,508.00M,0.41,,2016-09,AOR,Restated
2016-06,1.905B,1.905B,1.334B,571.00M,10.00M,0.00,,97.00M,5.00M,-92.00M,,224.00M,347.00M,5.00M,97.00M,-92.00M,23.00M,-92.00M,278.00M,91.00M,187.00M,,,,187.00M,271.00M,375.00M,,2016-06,0.37,,0.3460,0.37,,2016-06,,,0.3462,2016-06,505.00M,508.00M,0.41,,2016-06,AOR,Restated
2016-03,2.616B,2.616B,1.565B,1.051B,10.00M,1.00M,,92.00M,6.00M,-86.00M,,224.00M,827.00M,6.00M,92.00M,-86.00M,13.00M,-86.00M,754.00M,283.00M,471.00M,,,,471.00M,282.00M,846.00M,,2016-03,0.93,,0.9201,0.93,,2016-03,,,0.9202,2016-03,505.00M,508.00M,0.41,,2016-03,AOR,Restated
2015-12,2.278B,2.278B,1.492B,786.00M,8.00M,4.00M,,102.00M,5.00M,-97.00M,,254.00M,532.00M,5.00M,102.00M,-97.00M,6.00M,-97.00M,441.00M,132.00M,309.00M,,,,309.00M,305.00M,543.00M,,2015-12,0.6119,,0.5300,0.6119,,2015-12,,,0.5186,2015-12,505.00M,508.00M,0.39,,2015-12,AOR,Restated
2015-09,2.688B,2.688B,1.561B,1.127B,30.00M,-16.00M,,96.00M,6.00M,-90.00M,,313.00M,814.00M,6.00M,96.00M,-90.00M,14.00M,-90.00M,724.00M,285.00M,439.00M,,,,439.00M,369.00M,820.00M,,2015-09,0.87,,0.876,0.87,,2015-09,,,0.8760,2015-09,505.00M,508.00M,0.39,,2015-09,AOR,Restated
2015-06,2.314B,2.314B,1.429B,885.00M,10.00M,30.00M,,97.00M,6.00M,-91.00M,,317.00M,568.00M,6.00M,97.00M,-91.00M,54.00M,-91.00M,531.00M,186.00M,345.00M,,,,345.00M,368.00M,628.00M,,2015-06,0.68,,0.6171,0.68,,2015-06,,,0.6173,2015-06,506.00M,508.00M,0.39,,2015-06,AOR,Restated
2015-03,3.135B,3.135B,1.757B,1.378B,5.00M,5.00M,,98.00M,6.00M,-92.00M,,330.00M,1.048B,6.00M,98.00M,-92.00M,28.00M,-92.00M,984.00M,398.00M,586.00M,,,,586.00M,385.00M,1.082B,,2015-03,1.16,,1.133,1.16,,2015-03,,,1.123,2015-03,506.00M,508.00M,0.39,,2015-03,AOR,Restated
2014-12,2.773B,2.773B,1.658B,1.115B,6.00M,4.00M,,98.00M,6.00M,-92.00M,,308.00M,807.00M,6.00M,98.00M,-92.00M,66.00M,-92.00M,781.00M,305.00M,476.00M,,,,476.00M,357.00M,879.00M,,2014-12,0.9407,,0.8480,0.9407,,2014-12,,,0.8482,2014-12,506.00M,511.00M,0.37,,2014-12,AOR,Restated
2014-09,2.641B,2.641B,1.577B,1.064B,10.00M,-2.00M,,100.00M,6.00M,-94.00M,,318.00M,746.00M,6.00M,100.00M,-94.00M,53.00M,-94.00M,705.00M,261.00M,444.00M,,,,444.00M,371.00M,805.00M,,2014-09,0.88,,0.8190,0.88,,2014-09,,,0.8091,2014-09,506.00M,507.00M,0.37,,2014-09,AOR,Restated
2014-06,2.249B,2.249B,1.589B,660.00M,2.00M,5.00M,,94.00M,6.00M,-88.00M,,295.00M,365.00M,6.00M,94.00M,-88.00M,47.00M,-88.00M,324.00M,112.00M,212.00M,,,,212.00M,339.00M,418.00M,,2014-06,0.42,,0.3646,0.42,,2014-06,,,0.3648,2014-06,506.00M,508.00M,0.37,,2014-06,AOR,Restated
2014-03,3.223B,3.223B,2.212B,1.011B,2.00M,4.00M,,97.00M,6.00M,-91.00M,,306.00M,705.00M,6.00M,97.00M,-91.00M,32.00M,-91.00M,646.00M,260.00M,386.00M,,,,386.00M,360.00M,743.00M,,2014-03,0.76,,0.7244,0.76,,2014-03,,,0.7246,2014-03,506.00M,508.00M,0.37,,2014-03,AOR,Restated
2013-12,2.318B,2.318B,1.643B,675.00M,5.00M,16.00M,18.00M,99.00M,5.00M,-94.00M,,310.00M,365.00M,5.00M,99.00M,-94.00M,33.00M,-94.00M,304.00M,104.00M,200.00M,,,,200.00M,339.00M,403.00M,,2013-12,0.3954,,0.3317,0.3954,,2013-12,,,0.3268,2013-12,506.30M,509.70M,0.36,,2013-12,AOR,Restated
2013-09,2.554B,2.554B,1.514B,1.04B,3.00M,1.00M,15.00M,100.00M,7.00M,-93.00M,,328.00M,712.00M,7.00M,100.00M,-93.00M,41.00M,-93.00M,660.00M,270.00M,390.00M,,,,390.00M,363.00M,760.00M,,2013-09,0.77,,0.7250,0.77,,2013-09,,,0.7252,2013-09,505.86M,507.69M,0.36,,2013-09,AOR,Restated
2013-06,2.31B,2.31B,1.401B,909.00M,2.00M,4.00M,14.00M,101.00M,5.00M,-96.00M,,297.00M,612.00M,5.00M,101.00M,-96.00M,35.00M,-96.00M,551.00M,218.00M,333.00M,,,,333.00M,328.00M,652.00M,,2013-06,0.66,,0.6266,0.66,,2013-06,,,0.6267,2013-06,505.90M,507.38M,0.36,,2013-06,AOR,Restated
2013-03,2.786B,2.786B,1.865B,921.00M,2.00M,4.00M,21.00M,102.00M,6.00M,-96.00M,,311.00M,610.00M,6.00M,102.00M,-96.00M,26.00M,-96.00M,540.00M,220.00M,320.00M,,,,320.00M,340.00M,642.00M,,2013-03,0.63,,0.5902,0.63,,2013-03,,,0.5903,2013-03,505.94M,507.22M,0.36,,2013-03,AOR,Restated
2012-12,2.406B,2.406B,1.656B,750.00M,4.00M,-13.00M,25.00M,113.00M,5.00M,-108.00M,,282.00M,468.00M,5.00M,113.00M,-108.00M,1.00M,-108.00M,361.00M,137.00M,224.00M,,,,224.00M,301.00M,474.00M,,2012-12,0.44,,0.4388,0.44,,2012-12,,,0.4388,2012-12,506.17M,506.89M,0.355,,2012-12,AOR,Restated
2012-09,2.402B,2.402B,1.498B,904.00M,2.00M,4.00M,24.00M,106.00M,5.00M,-101.00M,,310.00M,594.00M,5.00M,106.00M,-101.00M,95.00M,-101.00M,588.00M,241.00M,347.00M,,,,347.00M,331.00M,694.00M,,2012-09,0.69,,0.5782,0.69,,2012-09,,,0.5685,2012-09,505.91M,507.11M,0.355,,2012-09,AOR,Restated
2012-06,2.098B,2.098B,1.39B,708.00M,7.00M,0.00,20.00M,103.00M,4.00M,-99.00M,,275.00M,433.00M,4.00M,103.00M,-99.00M,23.00M,-99.00M,357.00M,146.00M,211.00M,,,,211.00M,296.00M,460.00M,,2012-06,0.42,,0.3956,0.42,,2012-06,,,0.3956,2012-06,505.90M,506.97M,0.355,,2012-06,AOR,Restated
2012-03,2.875B,2.875B,1.807B,1.068B,5.00M,-1.00M,29.00M,101.00M,4.00M,-97.00M,,285.00M,783.00M,4.00M,101.00M,-97.00M,19.00M,-97.00M,705.00M,212.00M,493.00M,,,,493.00M,299.00M,806.00M,,2012-03,0.97,,0.9438,0.97,,2012-03,,,0.9438,2012-03,506.01M,507.03M,0.355,,2012-03,AOR,Restated
2011-12,2.636B,2.636B,3.488B,-852.00M,,-1.00M,31.00M,114.00M,-143.00M,-257.00M,,-1.561B,709.00M,-143.00M,114.00M,-257.00M,128.00M,-257.00M,580.00M,220.00M,360.00M,0.00,,,360.00M,390.00M,694.00M,,2011-12,0.71,,0.7112,0.71,,2011-12,,,0.7112,2011-12,505.92M,507.04M,0.3425,,2011-12,AOR,Restated
2011-09,2.62B,2.62B,1.167B,1.453B,,-10.00M,31.00M,117.00M,36.00M,-81.00M,,897.00M,556.00M,36.00M,117.00M,-81.00M,-9.00M,-81.00M,466.00M,201.00M,265.00M,29.00M,,,294.00M,262.00M,583.00M,,2011-09,0.52,,0.5328,0.58,,2011-09,,,0.5328,2011-09,505.91M,507.00M,0.3425,,2011-09,AOR,Restated
2011-06,2.469B,2.469B,1.01B,1.459B,,-11.00M,28.00M,117.00M,50.00M,-67.00M,,838.00M,621.00M,50.00M,117.00M,-67.00M,-7.00M,-67.00M,547.00M,227.00M,320.00M,3.00M,,,323.00M,238.00M,664.00M,,2011-06,0.63,,0.6441,0.63,,2011-06,,,0.6441,2011-06,505.99M,506.76M,0.3425,,2011-06,AOR,Restated
2011-03,3.354B,3.354B,1.563B,1.791B,,-12.00M,43.00M,127.00M,71.00M,-56.00M,,935.00M,856.00M,71.00M,127.00M,-56.00M,-9.00M,-56.00M,791.00M,329.00M,462.00M,64.00M,,,526.00M,245.00M,918.00M,,2011-03,0.91,,0.9254,1.04,,2011-03,,,0.9254,2011-03,505.98M,507.13M,0.3425,,2011-03,AOR,Restated
2010-12,2.745B,2.745B,3.744B,-999.00M,,-10.00M,35.00M,116.00M,-109.00M,-225.00M,,-1.588B,589.00M,-109.00M,116.00M,-225.00M,129.00M,-225.00M,493.00M,203.00M,290.00M,-8.00M,,,282.00M,380.00M,609.00M,,2010-12,0.58,,0.5928,0.56,,2010-12,,,0.5828,2010-12,505.94M,506.98M,0.3425,,2010-12,AOR,Restated
2010-09,3.114B,3.114B,1.261B,1.853B,,28.00M,31.00M,120.00M,35.00M,-85.00M,,882.00M,971.00M,35.00M,120.00M,-85.00M,32.00M,-85.00M,918.00M,371.00M,547.00M,20.00M,,,567.00M,265.00M,1.038B,,2010-09,1.08,,1.047,1.12,,2010-09,,,1.047,2010-09,505.94M,506.97M,0.3425,,2010-09,AOR,Restated
2010-06,2.361B,2.361B,1.072B,1.289B,,-12.00M,28.00M,120.00M,42.00M,-78.00M,,858.00M,431.00M,42.00M,120.00M,-78.00M,-7.00M,-78.00M,346.00M,124.00M,222.00M,2.00M,,,224.00M,233.00M,466.00M,,2010-06,0.44,,0.4552,0.44,,2010-06,,,0.4552,2010-06,506.11M,507.09M,0.3425,,2010-06,AOR,
2010-03,3.573B,3.573B,1.688B,1.885B,,-12.00M,42.00M,116.00M,38.00M,-78.00M,,939.00M,946.00M,38.00M,116.00M,-78.00M,-9.00M,-78.00M,859.00M,361.00M,498.00M,-7.00M,,,491.00M,232.00M,975.00M,,2010-03,0.99,,1.005,0.97,,2010-03,,,1.005,2010-03,505.95M,507.15M,0.3425,,2010-03,AOR,Restated
2009-12,2.515B,2.515B,1.057B,1.458B,,-229.00M,33.00M,114.00M,,113.00M,,830.00M,628.00M,,114.00M,113.00M,-229.00M,113.00M,512.00M,161.00M,351.00M,,,,349.00M,116.00M,626.00M,,2009-12,0.70,,1.010,0.70,,2009-12,,,0.9994,2009-12,505.99M,507.38M,0.3325,,2009-12,AOR,Restated
2009-09,3.04B,3.04B,1.241B,1.799B,,24.00M,30.00M,129.00M,,-129.00M,621.00M,875.00M,924.00M,,129.00M,-129.00M,30.00M,-129.00M,825.00M,337.00M,488.00M,,,,488.00M,255.00M,954.00M,,2009-09,0.96,,0.9292,0.96,,2009-09,,,0.9292,2009-09,505.98M,507.24M,0.3325,,2009-09,AOR,Restated
2009-06,2.56B,2.56B,1.067B,1.493B,,46.00M,26.00M,133.00M,,-133.00M,627.00M,856.00M,637.00M,,133.00M,-133.00M,47.00M,-133.00M,551.00M,240.00M,311.00M,,,,311.00M,231.00M,684.00M,,2009-06,0.61,,0.5509,0.61,,2009-06,,,0.5510,2009-06,505.99M,506.94M,0.3325,,2009-06,AOR,Restated
2009-03,3.92B,3.92B,2.068B,1.852B,,-44.00M,44.00M,145.00M,,-145.00M,674.00M,925.00M,927.00M,,145.00M,-145.00M,-34.00M,-145.00M,748.00M,304.00M,444.00M,,,,444.00M,236.00M,893.00M,,2009-03,0.88,,0.9365,0.88,,2009-03,,,0.9365,2009-03,505.99M,506.55M,0.3325,,2009-03,AOR,Restated
2008-12,2.549B,2.549B,1.248B,1.301B,,-522.00M,35.00M,118.00M,,289.00M,,771.00M,530.00M,,118.00M,289.00M,-539.00M,289.00M,280.00M,108.00M,172.00M,62.00M,,,234.00M,194.00M,398.00M,,2008-12,0.34,,0.9736,0.46,,2008-12,,,0.9724,2008-12,506.07M,507.04M,0.3225,,2008-12,,Restated
2008-09,3.718B,3.718B,1.899B,1.819B,,-14.00M,31.00M,149.00M,,-149.00M,609.00M,854.00M,965.00M,,149.00M,-149.00M,-6.00M,-149.00M,810.00M,334.00M,476.00M,180.00M,,,656.00M,164.00M,959.00M,,2008-09,0.94,,0.9579,1.29,,2008-09,,,0.9579,2008-09,507.72M,508.33M,0.3225,,2008-09,,Restated
2008-06,2.55B,2.55B,1.535B,1.015B,,9.00M,27.00M,146.00M,,-146.00M,620.00M,838.00M,177.00M,,146.00M,-146.00M,16.00M,-146.00M,47.00M,213.00M,-166.00M,16.00M,,,-150.00M,218.00M,193.00M,,2008-06,-0.32,,-0.3315,-0.29,,2008-06,,,-0.3315,2008-06,508.49M,509.49M,0.3225,,2008-06,,Restated
2008-03,3.792B,3.792B,2.119B,1.673B,,-2.00M,43.00M,153.00M,,-153.00M,627.00M,862.00M,811.00M,,153.00M,-153.00M,10.00M,-153.00M,668.00M,233.00M,435.00M,13.00M,,,448.00M,217.00M,821.00M,,2008-03,0.86,,0.8626,0.88,,2008-03,,,0.8526,2008-03,508.49M,510.11M,0.3225,,2008-03,,Restated
2007-12,2.965B,2.965B,1.422B,1.543B,,-48.00M,35.00M,,,,696.00M,911.00M,632.00M,,,,-48.00M,,502.00M,310.00M,192.00M,33.00M,,,225.00M,218.00M,632.00M,,2007-12,0.385,,0.4463,0.44,,2007-12,,,0.4410,2007-12,508.62M,511.35M,0.2925,,2007-12,,
2007-09,3.475B,3.475B,1.674B,1.801B,,35.00M,31.00M,,,,588.00M,832.00M,969.00M,,,,35.00M,,814.00M,314.00M,500.00M,6.00M,,,506.00M,239.00M,969.00M,,2007-09,0.985,,0.9427,0.995,,2007-09,,,0.9428,2007-09,508.54M,509.09M,0.2925,,2007-09,,
2007-06,2.81B,2.81B,1.389B,1.421B,,48.00M,30.00M,,,,592.00M,817.00M,604.00M,,,,48.00M,,467.00M,174.00M,293.00M,-18.00M,,,275.00M,219.00M,604.00M,,2007-06,0.58,,0.5206,0.545,,2007-06,,,0.5157,2007-06,507.26M,508.07M,0.2925,,2007-06,,
2007-03,3.508B,3.508B,1.977B,1.531B,,40.00M,43.00M,,,,595.00M,830.00M,701.00M,,,,40.00M,,581.00M,260.00M,321.00M,8.00M,,,329.00M,221.00M,701.00M,,2007-03,0.63,,0.5786,0.65,,2007-03,,,0.5787,2007-03,505.78M,506.71M,0.2925,,2007-03,,
2006-12,2.476B,2.476B,1.33B,1.146B,,-23.00M,33.00M,,,,594.00M,809.00M,337.00M,,,,-23.00M,,182.00M,72.00M,110.00M,-157.00M,,,-47.00M,229.00M,337.00M,,2006-12,0.22,,0.2475,-0.09,,2006-12,,,0.2375,2006-12,504.60M,505.55M,0.285,,2006-12,,
2006-09,3.297B,3.297B,1.74B,1.557B,,37.00M,32.00M,,,,533.00M,793.00M,764.00M,,,,37.00M,,601.00M,229.00M,372.00M,2.00M,,,374.00M,259.00M,764.00M,,2006-09,0.735,,0.6895,0.74,,2006-09,,,0.6896,2006-09,503.49M,504.66M,0.285,,2006-09,,
2006-06,2.542B,2.542B,1.338B,1.204B,,65.00M,27.00M,,,,839.00M,1.067B,137.00M,,,,65.00M,,4.00M,12.00M,-8.00M,217.00M,,,209.00M,229.00M,137.00M,,2006-06,-0.015,,-0.0925,0.415,,2006-06,,,-0.0924,2006-06,502.95M,504.17M,0.285,,2006-06,,
2006-03,3.461B,3.461B,2.146B,1.315B,,56.00M,41.00M,,,,578.00M,820.00M,495.00M,,,,56.00M,,357.00M,149.00M,208.00M,-5.00M,,,203.00M,230.00M,495.00M,,2006-03,0.415,,0.3481,0.405,,2006-03,,,0.3484,2006-03,502.37M,504.13M,0.285,,2006-03,,
2005-12,2.909B,2.909B,1.738B,1.171B,,6.00M,36.00M,,,,563.00M,751.00M,420.00M,,,,6.00M,,334.00M,137.00M,197.00M,25.00M,,,205.00M,220.00M,420.00M,,2005-12,0.40,,0.3927,0.425,,2005-12,,,0.3877,2005-12,490.20M,495.98M,0.28,,2005-12,,
2005-09,3.324B,3.324B,1.979B,1.345B,,91.00M,34.00M,,,,537.00M,775.00M,570.00M,,,,91.00M,,452.00M,183.00M,269.00M,-16.00M,,,253.00M,231.00M,570.00M,,2005-09,0.56,,0.4458,0.53,,2005-09,,,0.4382,2005-09,478.07M,488.57M,0.28,,2005-09,,
2005-06,2.377B,2.377B,1.316B,1.061B,,42.00M,28.00M,,,,553.00M,755.00M,306.00M,,,,42.00M,,149.00M,58.00M,91.00M,-173.00M,,,-82.00M,198.00M,306.00M,,2005-06,0.19,,0.1363,-0.17,,2005-06,,,0.1372,2005-06,477.46M,486.04M,0.28,,2005-06,,
2005-03,3.244B,3.244B,1.849B,1.395B,,60.00M,43.00M,,,,576.00M,803.00M,592.00M,,,,60.00M,,451.00M,171.00M,280.00M,5.00M,,-1.00M,285.00M,212.00M,592.00M,,2005-03,0.59,,0.5118,0.60,,2005-03,,,0.5031,2005-03,476.63M,484.38M,0.28,,2005-03,,
2004-12,2.348B,2.348B,1.326B,1.022B,,59.00M,36.00M,,,,543.00M,737.00M,285.00M,,,,59.00M,,196.00M,62.00M,134.00M,-47.00M,,,87.00M,211.00M,285.00M,,2004-12,0.175,,0.0906,0.18,,2004-12,,,0.0865,2004-12,477.70M,483.23M,0.275,,2004-12,,
2004-09,2.749B,2.749B,1.418B,1.331B,,53.00M,30.00M,,,,527.00M,747.00M,584.00M,,,,53.00M,,429.00M,177.00M,252.00M,-8.00M,,,244.00M,212.00M,584.00M,,2004-09,0.53,,0.4630,0.515,,2004-09,,,0.4631,2004-09,474.54M,475.46M,0.275,,2004-09,,
2004-06,2.285B,2.285B,1.25B,1.035B,,87.00M,28.00M,,,,534.00M,729.00M,306.00M,,,,87.00M,,184.00M,57.00M,127.00M,-3.00M,,,124.00M,179.00M,306.00M,,2004-06,0.265,,0.1382,0.26,,2004-06,,,0.1388,2004-06,473.41M,476.00M,0.275,,2004-06,,
2004-03,3.225B,3.225B,1.827B,1.398B,,39.00M,45.00M,,,,545.00M,762.00M,636.00M,,,,39.00M,,451.00M,180.00M,271.00M,,,-1.00M,271.00M,197.00M,636.00M,,2004-03,0.575,,0.5254,0.575,,2004-03,,,0.5209,2004-03,472.39M,477.70M,0.275,,2004-03,,
2003-12,2.671B,2.671B,1.464B,1.207B,,63.00M,35.00M,,,,593.00M,795.00M,412.00M,,,,63.00M,,253.00M,89.00M,164.00M,-25.00M,0.00,,139.00M,188.00M,412.00M,,2003-12,0.235,0.0004,0.1484,0.28,,2003-12,-0.0088,0.0004,0.1434,2003-12,471.41M,471.41M,0.27,,2003-12,,
2003-09,2.779B,2.779B,1.574B,1.205B,,40.00M,29.00M,,,,520.00M,712.00M,493.00M,,,,40.00M,,325.00M,117.00M,208.00M,-1.00M,,-1.00M,207.00M,185.00M,493.00M,,2003-09,0.46,,0.4035,0.46,,2003-09,,,0.3988,2003-09,452.83M,455.19M,0.27,,2003-09,,
2003-06,2.401B,2.401B,1.40B,1.001B,,52.00M,28.00M,,,,488.00M,614.00M,387.00M,,,,52.00M,,228.00M,72.00M,156.00M,-5.00M,,,133.00M,121.00M,387.00M,,2003-06,0.345,-0.0398,0.2663,0.295,,2003-06,,-0.0398,0.2665,2003-06,451.82M,453.16M,0.27,,2003-06,,
2003-03,3.364B,3.364B,2.022B,1.342B,,32.00M,44.00M,,,,520.00M,664.00M,678.00M,,,,32.00M,,505.00M,184.00M,321.00M,-15.00M,370.00M,-18.00M,676.00M,122.00M,678.00M,,2003-03,0.72,,0.6749,1.51,,2003-03,0.8196,,0.6699,2003-03,450.68M,451.43M,0.27,,2003-03,,
2002-12,2.53B,2.53B,1.365B,1.165B,,112.00M,34.00M,,,,539.00M,704.00M,461.00M,,,,112.00M,,380.00M,136.00M,244.00M,-8.00M,-1.00M,,235.00M,152.00M,461.00M,,2002-12,0.58,,0.4105,0.565,,2002-12,-0.0022,,0.3820,2002-12,424.40M,450.53M,0.27,,2002-12,,
2002-09,2.327B,2.327B,1.154B,1.173B,,19.00M,31.00M,,,,448.00M,646.00M,527.00M,,,,19.00M,,331.00M,124.00M,207.00M,-3.00M,,,204.00M,194.00M,527.00M,,2002-09,0.50,,0.4713,0.495,,2002-09,,,0.4713,2002-09,413.56M,413.56M,0.27,,2002-09,,
2002-06,1.415B,1.415B,449.00M,966.00M,,13.00M,26.00M,,,,963.00M,1.124B,-158.00M,,,,13.00M,,-347.00M,-120.00M,-227.00M,-37.00M,,,-264.00M,177.00M,-158.00M,,2002-06,-0.55,,-0.5706,-0.64,,2002-06,,,-0.5705,2002-06,412.49M,413.85M,0.27,,2002-06,,
2002-03,1.883B,1.883B,740.00M,1.143B,,-11.00M,38.00M,,,,463.00M,632.00M,511.00M,,,,-11.00M,,295.00M,114.00M,181.00M,-1.00M,-120.00M,-14.00M,60.00M,131.00M,511.00M,,2002-03,0.44,,0.4564,0.145,,2002-03,-0.2908,,0.4564,2002-03,412.68M,412.68M,0.27,,2002-03,,
2001-12,1.566B,1.566B,620.00M,946.00M,,157.00M,29.00M,,,,499.00M,650.00M,296.00M,,,,157.00M,,264.00M,82.00M,182.00M,5.00M,1.00M,,188.00M,148.00M,296.00M,,2001-12,0.44,,0.1786,0.455,,2001-12,0.0024,,0.1786,2001-12,414.01M,414.01M,0.27,,2001-12,,
2001-09,1.616B,1.616B,564.00M,1.052B,,7.00M,23.00M,,,,450.00M,625.00M,427.00M,,,,7.00M,,224.00M,49.00M,175.00M,-3.00M,,,172.00M,170.00M,427.00M,,2001-09,0.42,,0.4069,0.41,,2001-09,,,0.4069,2001-09,416.99M,416.99M,0.27,,2001-09,,
2001-06,2.171B,2.171B,1.048B,1.123B,,4.00M,38.00M,,,,560.00M,721.00M,402.00M,,,,4.00M,,224.00M,81.00M,143.00M,,,,143.00M,144.00M,402.00M,,2001-06,0.17,,0.1669,0.17,,2001-06,,,0.1669,2001-06,834.80M,834.80M,0.27,,2001-06,,
2001-03,2.819B,2.819B,1.543B,1.276B,,13.00M,48.00M,,,,538.00M,694.00M,582.00M,,,,13.00M,,407.00M,153.00M,254.00M,,9.00M,,261.00M,135.00M,582.00M,,2001-03,0.305,-0.0024,0.2952,0.3125,,2001-03,0.0108,-0.0024,0.2952,2001-03,831.89M,831.89M,0.27,,2001-03,,
2000-12,-327.00M,-327.00M,775.00M,-1.102B,,7.00M,1.00M,,,,-1.706B,-1.621B,519.00M,,,,7.00M,,354.00M,132.00M,222.00M,,,,210.00M,179.00M,519.00M,,2000-12,0.535,,0.5244,0.505,,2000-12,,,0.5244,2000-12,414.47M,414.47M,0.27,,2000-12,,
2000-09,2.207B,2.207B,483.00M,1.724B,,6.00M,46.00M,,,,1.196B,1.332B,392.00M,,,,6.00M,,226.00M,84.00M,142.00M,,,,142.00M,92.00M,392.00M,,2000-09,0.33,,0.3212,0.33,,2000-09,,,0.3212,2000-09,429.25M,429.25M,0.27,,2000-09,,
2000-06,2.159B,2.159B,1.164B,995.00M,,6.00M,38.00M,,,,478.00M,602.00M,393.00M,,,,6.00M,,239.00M,97.00M,142.00M,,,,142.00M,105.00M,393.00M,,2000-06,0.33,,0.3216,0.33,,2000-06,,,0.3216,2000-06,430.79M,430.79M,0.27,,2000-06,,
2000-03,2.483B,2.483B,1.262B,1.221B,,11.00M,50.00M,,,,478.00M,618.00M,603.00M,,,,11.00M,,453.00M,183.00M,270.00M,,,,270.00M,116.00M,603.00M,,2000-03,0.625,,0.6098,0.625,,2000-03,,,0.6098,2000-03,432.87M,432.87M,0.27,,2000-03,,
1999-12,1.621B,1.621B,474.00M,1.147B,,37.00M,53.00M,,,,643.00M,754.00M,393.00M,,,,37.00M,,271.00M,138.00M,133.00M,,,,133.00M,150.00M,393.00M,,1999-12,0.305,-0.0124,0.2532,0.30,,1999-12,,-0.0124,0.2532,1999-12,428.87M,428.87M,0.27,,1999-12,,
1999-09,1.606B,1.606B,466.00M,1.14B,,26.00M,44.00M,,,,445.00M,637.00M,503.00M,,,,26.00M,,380.00M,159.00M,221.00M,,,,207.00M,148.00M,503.00M,,1999-09,0.505,-0.0319,0.4694,0.475,,1999-09,,-0.0330,0.4694,1999-09,438.45M,438.45M,0.27,,1999-09,,
1999-06,1.436B,1.436B,415.00M,1.021B,,10.00M,43.00M,,,,377.00M,584.00M,437.00M,,,,10.00M,,302.00M,121.00M,181.00M,,,,-609.00M,145.00M,437.00M,,1999-06,0.415,-1.799,0.4013,-1.385,,1999-06,,-1.799,0.4013,1999-06,439.14M,439.14M,0.27,,1999-06,,
1999-03,1.795B,1.795B,674.00M,1.121B,,6.00M,56.00M,,,,419.00M,660.00M,461.00M,,,,6.00M,,331.00M,143.00M,188.00M,,,,188.00M,185.00M,461.00M,,1999-03,0.425,,0.4169,0.425,,1999-03,,,0.4169,1999-03,445.41M,445.41M,0.27,,1999-03,,
1998-12,1.55B,1.55B,521.00M,1.029B,,-3.00M,51.00M,,,,509.00M,665.00M,364.00M,,,,-3.00M,,212.00M,61.00M,151.00M,,,,151.00M,198.00M,364.00M,,1998-12,0.33,,0.3347,0.33,,1998-12,,,0.3347,1998-12,456.39M,456.39M,0.27,,1998-12,,
1998-09,1.439B,1.439B,415.00M,1.024B,,8.00M,49.00M,,,,300.00M,574.00M,450.00M,,,,8.00M,,322.00M,142.00M,180.00M,,,,180.00M,188.00M,450.00M,,1998-09,0.39,,0.3796,0.39,,1998-09,,,0.3796,1998-09,463.45M,463.45M,0.27,,1998-09,,
1998-06,1.362B,1.362B,423.00M,939.00M,,2.00M,44.00M,,,,353.00M,598.00M,341.00M,,,,2.00M,,211.00M,89.00M,122.00M,,,,122.00M,210.00M,341.00M,,1998-06,0.265,,0.2624,0.265,,1998-06,,,0.2624,1998-06,463.92M,463.92M,0.27,,1998-06,,
