,OperatingRevenue,Revenue,CostofGoodsSold,GrossProfit,GeneralandAdministrativeExpense,SG&AExpense,InvestmentWriteOff,SpecialIncomeandCharges,NonIncomeTaxes,OperatingInterestExpense,NetOperatingInterestIncome,OtherOperatingExpenses,TotalOperatingExpenses,OperatingIncome,Non-OperatingInterestExpense,NetNon-OperatingInterestIncomeExpense,OtherIncomeandExpenses,NetInterestIncome,Pre-TaxIncome,ProvisionforIncomeTaxes,IncomefromContinuingOperations,IncomefromDiscontinuedOperations,"ExtraordinaryItems,IncomeStatement",IncomeAttributabletoMinorityInterest,PreferredStockDividend,EBITDA,ReconciledDepreciation,EBIT,,BasicEPS(Quarterly),EPSBasicfromExtraordinaries,EPSBasicfromTaxLossCarryforward,NormalizedBasicEPS,EPSBasic,,EPSDilutedfromDiscontinuedOperations,EPSDilutedfromExtraordinaries,EPSDilutedfromTaxLossCarryforward,,SharesData(Quarterly),AverageBasicSharesOutstanding,AverageDilutedSharesOutstanding,DividendPerShare,,SECFilingLinks,AsOriginallyReported,Restated
2020-09,761.00M,761.00M,866.00M,-105.00M,53.00M,53.00M,1.00M,0.00,49.00M,,-62.00M,27.00M,129.00M,-234.00M,,-62.00M,-14.00M,-62.00M,-310.00M,7.00M,-317.00M,,,,,320.00M,554.00M,-234.00M,,2020-09,,,-0.3991,-0.40,,,,,,2020-09,790.00M,790.00M,0.00,,2020-09,AOR,
2020-06,490.00M,490.00M,831.00M,-341.00M,88.00M,88.00M,0.00,-2.00M,30.00M,,-69.00M,26.00M,144.00M,-485.00M,,-69.00M,-211.00M,-69.00M,-765.00M,-15.00M,-750.00M,,,,,112.00M,597.00M,-485.00M,,2020-06,,,-0.8607,-0.95,,,,,,2020-06,790.00M,790.00M,0.00,,2020-06,AOR,
2020-03,1.024B,1.024B,948.00M,76.00M,76.00M,76.00M,97.00M,-88.00M,66.00M,,-64.00M,28.00M,170.00M,-94.00M,,-64.00M,109.00M,-64.00M,-49.00M,-3.00M,-46.00M,,,,,550.00M,644.00M,-94.00M,,2020-03,,,-0.1950,-0.06,,,,,,2020-03,794.00M,794.00M,0.05,,2020-03,AOR,
2019-12,1.233B,1.233B,928.00M,305.00M,93.00M,93.00M,0.00,-9.00M,79.00M,,-78.00M,42.00M,214.00M,91.00M,,-78.00M,-16.00M,-78.00M,-3.00M,17.00M,-20.00M,,,,,846.00M,616.00M,230.00M,,2019-12,,,0.0195,-0.0251,,,,,,2019-12,801.00M,801.00M,0.05,,2019-12,AOR,
2019-09,1.249B,1.249B,923.00M,326.00M,82.00M,82.00M,0.00,22.00M,81.00M,,-64.00M,22.00M,185.00M,141.00M,,-64.00M,98.00M,-64.00M,175.00M,10.00M,165.00M,,,,,763.00M,622.00M,141.00M,,2019-09,,,0.1291,0.21,,,,,,2019-09,802.00M,803.00M,0.05,,2019-09,AOR,Restated
2019-06,1.381B,1.381B,968.00M,413.00M,87.00M,87.00M,18.00M,-26.00M,79.00M,,-64.00M,26.00M,192.00M,221.00M,,-64.00M,36.00M,-64.00M,193.00M,32.00M,161.00M,,,,,826.00M,605.00M,221.00M,,2019-06,,,0.2102,0.20,,,,,,2019-06,813.00M,814.00M,0.05,,2019-06,AOR,Restated
2019-03,1.20B,1.20B,895.00M,305.00M,94.00M,94.00M,6.00M,36.00M,72.00M,,-49.00M,59.00M,225.00M,80.00M,,-49.00M,-4.00M,-49.00M,27.00M,-147.00M,174.00M,,,,,634.00M,554.00M,80.00M,,2019-03,,,0.2590,0.21,,,,,,2019-03,819.00M,820.00M,0.05,,2019-03,AOR,Restated
2018-12,1.38B,1.38B,985.00M,395.00M,88.00M,88.00M,25.00M,-29.00M,84.00M,,-80.00M,116.00M,288.00M,107.00M,,-80.00M,379.00M,-80.00M,406.00M,16.00M,390.00M,,,,,1.365B,613.00M,752.00M,,2018-12,,,0.1398,0.4762,,0.00,,,,2018-12,828.00M,829.00M,0.05,,2018-12,AOR,Restated
2018-09,1.538B,1.538B,993.00M,545.00M,101.00M,101.00M,8.00M,8.00M,86.00M,,-58.00M,56.00M,243.00M,302.00M,,-58.00M,113.00M,-58.00M,357.00M,103.00M,254.00M,,,,,928.00M,626.00M,302.00M,,2018-09,,,0.3519,0.30,,,,,,2018-09,848.00M,849.00M,0.05,,2018-09,AOR,Restated
2018-06,1.447B,1.447B,943.00M,504.00M,105.00M,105.00M,34.00M,16.00M,65.00M,,-65.00M,65.00M,235.00M,269.00M,,-65.00M,-64.00M,-65.00M,140.00M,44.00M,96.00M,,,,,881.00M,612.00M,269.00M,,2018-06,,,0.2199,0.11,,,,,,2018-06,854.00M,855.00M,0.05,,2018-06,AOR,Restated
2018-03,1.537B,1.537B,937.00M,600.00M,100.00M,100.00M,8.00M,249.00M,64.00M,,-45.00M,52.00M,216.00M,384.00M,,-45.00M,185.00M,-45.00M,524.00M,168.00M,356.00M,,,,,974.00M,590.00M,384.00M,,2018-03,,,0.3025,0.42,,,,,,2018-03,851.00M,852.00M,0.05,,2018-03,AOR,Restated
2017-12,1.381B,1.381B,940.00M,441.00M,95.00M,95.00M,24.00M,3.00M,55.00M,,-144.00M,57.00M,207.00M,234.00M,,-144.00M,42.00M,-144.00M,132.00M,160.00M,-28.00M,0.00,,,,981.00M,583.00M,398.00M,,2017-12,,,0.0285,-0.0329,,0.00,,,,2017-12,850.00M,850.00M,0.05,,2017-12,AOR,Restated
2017-09,1.184B,1.184B,996.00M,188.00M,89.00M,89.00M,201.00M,-228.00M,44.00M,,-35.00M,294.00M,427.00M,-239.00M,,-35.00M,-184.00M,-35.00M,-458.00M,141.00M,-599.00M,0.00,,,,402.00M,641.00M,-239.00M,,2017-09,,,-0.5235,-0.70,,0.00,,,,2017-09,850.00M,850.00M,0.05,,2017-09,AOR,Restated
2017-06,937.00M,937.00M,919.00M,18.00M,90.00M,90.00M,,6.00M,45.00M,,-86.00M,30.00M,165.00M,-147.00M,,-86.00M,121.00M,-86.00M,-112.00M,41.00M,-153.00M,14.00M,,,,445.00M,592.00M,-147.00M,,2017-06,,,-0.2260,-0.16,,0.02,,,,2017-06,850.00M,850.00M,0.05,,2017-06,AOR,Restated
2017-03,907.00M,907.00M,832.00M,75.00M,97.00M,97.00M,4.00M,-3.00M,39.00M,,-78.00M,28.00M,164.00M,-89.00M,,-78.00M,151.00M,-78.00M,-16.00M,34.00M,-50.00M,-4.907B,,,,467.00M,556.00M,-89.00M,,2017-03,,,-0.1151,-5.84,,-5.78,,,,2017-03,849.00M,849.00M,0.05,,2017-03,AOR,Restated
2016-12,1.002B,1.002B,916.00M,86.00M,-15.00M,-15.00M,19.00M,89.00M,38.00M,,-110.00M,34.00M,57.00M,29.00M,,-110.00M,35.00M,-110.00M,-46.00M,1.337B,-1.383B,12.00M,,,,1.032B,573.00M,459.00M,,2016-12,,,-1.682,-1.619,,0.02,,,,2016-12,849.00M,849.00M,0.05,,2016-12,AOR,Restated
2016-09,861.00M,861.00M,945.00M,-84.00M,104.00M,104.00M,47.00M,0.00,35.00M,,-89.00M,83.00M,222.00M,-306.00M,,-89.00M,82.00M,-89.00M,-313.00M,-107.00M,-206.00M,14.00M,,,,216.00M,522.00M,-306.00M,,2016-09,,,-0.24,-0.23,,0.01,,,,2016-09,847.00M,847.00M,0.05,,2016-09,AOR,Restated
2016-06,761.00M,761.00M,859.00M,-98.00M,131.00M,131.00M,0.00,294.00M,35.00M,,-88.00M,182.00M,348.00M,-446.00M,,-88.00M,342.00M,-88.00M,-192.00M,-54.00M,-138.00M,-32.00M,,,,66.00M,512.00M,-446.00M,,2016-06,,,-0.4096,-0.20,,-0.04,,,,2016-06,848.00M,848.00M,0.05,,2016-06,AOR,Restated
2016-03,612.00M,612.00M,885.00M,-273.00M,151.00M,151.00M,1.00M,-61.00M,43.00M,,-79.00M,24.00M,218.00M,-491.00M,,-79.00M,-43.00M,-79.00M,-613.00M,-253.00M,-360.00M,-47.00M,,,,58.00M,549.00M,-491.00M,,2016-03,,,-0.4399,-0.56,,-0.07,,,,2016-03,730.00M,730.00M,0.05,,2016-03,AOR,Restated
2015-12,277.00M,277.00M,269.00M,8.00M,124.00M,124.00M,340.00M,-112.00M,25.00M,,-142.00M,185.00M,334.00M,-326.00M,,-142.00M,-14.00M,-142.00M,-482.00M,-192.00M,-290.00M,,,,,-252.00M,432.00M,-684.00M,,2015-12,,,-1.070,-1.17,,0.00,,,,2015-12,677.00M,677.00M,0.05,,2015-12,AOR,Restated
2015-09,1.384B,1.384B,1.30B,84.00M,125.00M,125.00M,337.00M,-446.00M,46.00M,,-75.00M,585.00M,756.00M,-672.00M,,-75.00M,-398.00M,-75.00M,-1.145B,-396.00M,-749.00M,,,,,45.00M,717.00M,-672.00M,,2015-09,,,-0.6818,-1.11,,,,,,2015-09,677.00M,677.00M,0.21,,2015-09,AOR,Restated
2015-06,1.49B,1.49B,1.464B,26.00M,168.00M,168.00M,44.00M,-44.00M,78.00M,,-58.00M,111.00M,357.00M,-331.00M,,-58.00M,-3.00M,-58.00M,-392.00M,-6.00M,-386.00M,,,,,420.00M,751.00M,-331.00M,,2015-06,,,-0.5063,-0.57,,,,,,2015-06,677.00M,677.00M,0.21,,2015-06,AOR,Restated
2015-03,1.484B,1.484B,1.577B,-93.00M,171.00M,171.00M,0.00,1.00M,67.00M,,-47.00M,90.00M,328.00M,-421.00M,,-47.00M,48.00M,-47.00M,-420.00M,-144.00M,-276.00M,,,,,400.00M,821.00M,-421.00M,,2015-03,,,-0.4110,-0.41,,,,,,2015-03,675.00M,675.00M,0.21,,2015-03,AOR,Restated
2014-12,2.398B,2.398B,1.904B,494.00M,168.00M,168.00M,2.00M,-4.00M,87.00M,,-102.00M,479.00M,734.00M,-240.00M,,-102.00M,141.00M,-102.00M,-201.00M,-108.00M,-93.00M,1.019B,,,,892.00M,801.00M,91.00M,,2014-12,,,-0.1362,1.37,,1.51,,,,2014-12,677.00M,680.00M,0.21,,2014-12,AOR,Restated
2014-09,2.87B,2.87B,1.983B,887.00M,160.00M,160.00M,109.00M,-112.00M,115.00M,,-55.00M,96.00M,371.00M,516.00M,,-55.00M,-8.00M,-55.00M,453.00M,149.00M,304.00M,127.00M,,,,1.253B,737.00M,516.00M,,2014-09,,,0.5612,0.64,,0.19,,,,2014-09,675.00M,678.00M,0.21,,2014-09,AOR,Restated
2014-06,2.888B,2.888B,1.957B,931.00M,139.00M,139.00M,4.00M,-91.00M,109.00M,,-76.00M,145.00M,393.00M,538.00M,,-76.00M,49.00M,-76.00M,511.00M,151.00M,360.00M,180.00M,,,,1.218B,680.00M,538.00M,,2014-06,,,0.6242,0.80,,0.27,,,,2014-06,676.00M,679.00M,0.19,,2014-06,AOR,Restated
2014-03,2.69B,2.69B,1.83B,860.00M,187.00M,187.00M,17.00M,-15.00M,95.00M,,-49.00M,73.00M,355.00M,505.00M,,-49.00M,142.00M,-49.00M,598.00M,200.00M,398.00M,751.00M,,,,1.148B,643.00M,505.00M,,2014-03,,,0.5945,1.66,,1.08,,,,2014-03,693.00M,696.00M,0.19,,2014-03,AOR,Restated
2013-12,2.435B,2.435B,1.709B,726.00M,194.00M,194.00M,47.00M,-72.00M,81.00M,,-91.00M,226.00M,501.00M,225.00M,,-91.00M,92.00M,-91.00M,226.00M,90.00M,136.00M,239.00M,,,,1.202B,586.00M,616.00M,,2013-12,,,0.4923,0.54,,0.11,,,,2013-12,696.00M,700.00M,0.19,,2013-12,AOR,Restated
2013-09,3.00B,3.00B,1.975B,1.025B,143.00M,143.00M,11.00M,-17.00M,89.00M,,-71.00M,83.00M,315.00M,710.00M,,-71.00M,116.00M,-71.00M,755.00M,359.00M,396.00M,173.00M,,,,1.367B,657.00M,710.00M,,2013-09,,,0.5756,0.80,,0.24,,,,2013-09,707.00M,711.00M,0.19,,2013-09,AOR,Restated
2013-06,3.01B,3.01B,1.742B,1.268B,159.00M,159.00M,0.00,-107.00M,93.00M,,-67.00M,125.00M,377.00M,891.00M,,-67.00M,-20.00M,-67.00M,804.00M,563.00M,241.00M,185.00M,,,,1.428B,537.00M,891.00M,,2013-06,,,0.4380,0.60,,0.26,,,,2013-06,710.00M,714.00M,0.17,,2013-06,AOR,Restated
2013-03,3.784B,3.784B,1.824B,1.96B,172.00M,172.00M,38.00M,71.00M,84.00M,,-72.00M,463.00M,719.00M,1.241B,,-72.00M,198.00M,-72.00M,1.367B,987.00M,380.00M,3.00M,,,,1.961B,720.00M,1.241B,,2013-03,,,0.4748,0.54,,0.00,,,,2013-03,708.00M,712.00M,0.17,,2013-03,AOR,Restated
2012-12,405.00M,405.00M,1.276B,-871.00M,177.00M,177.00M,100.00M,-99.00M,65.00M,,-60.00M,208.00M,450.00M,-1.321B,,-60.00M,-6.00M,-60.00M,-1.387B,-983.00M,-404.00M,,,,,-933.00M,229.00M,-1.162B,,2012-12,,,0.5508,0.46,,0.00,,,,2012-12,709.00M,713.00M,0.17,,2012-12,AOR,Restated
2012-09,4.036B,4.036B,1.967B,2.069B,179.00M,179.00M,8.00M,-20.00M,55.00M,,-53.00M,170.00M,404.00M,1.665B,,-53.00M,117.00M,-53.00M,1.729B,1.279B,450.00M,,,,,2.29B,625.00M,1.665B,,2012-09,,,0.6584,0.64,,,,,,2012-09,706.00M,709.00M,0.17,,2012-09,AOR,Restated
2012-06,3.732B,3.732B,1.927B,1.805B,154.00M,154.00M,1.00M,-29.00M,55.00M,,-57.00M,172.00M,381.00M,1.424B,,-57.00M,51.00M,-57.00M,1.418B,1.025B,393.00M,,,,,2.004B,580.00M,1.424B,,2012-06,,,0.5867,0.56,,,,,,2012-06,706.00M,709.00M,0.17,,2012-06,AOR,Restated
2012-03,3.793B,3.793B,2.022B,1.771B,159.00M,159.00M,262.00M,-96.00M,68.00M,,-50.00M,135.00M,362.00M,1.409B,,-50.00M,-15.00M,-50.00M,1.344B,927.00M,417.00M,,,,,1.983B,574.00M,1.409B,,2012-03,,,0.6784,0.59,,,,,,2012-03,706.00M,710.00M,0.17,,2012-03,AOR,Restated
2011-12,3.619B,3.556B,3.286B,270.00M,,292.00M,,93.00M,23.00M,63.00M,-51.00M,,-760.00M,1.03B,63.00M,-51.00M,256.00M,-51.00M,1.235B,675.00M,560.00M,-11.00M,,,,1.845B,547.00M,1.298B,,2011-12,,,0.6941,0.78,,0.00,,,,2011-12,704.00M,708.00M,0.15,,2011-12,AOR,Restated
2011-09,3.663B,3.676B,1.786B,1.89B,,104.00M,,0.00,59.00M,30.00M,-30.00M,,680.00M,1.21B,30.00M,-30.00M,123.00M,-30.00M,1.303B,898.00M,405.00M,0.00,,,,1.85B,517.00M,1.333B,,2011-09,,,0.64,0.64,,0.00,,,,2011-09,711.00M,714.00M,0.15,,2011-09,AOR,Restated
2011-06,3.70B,3.745B,1.883B,1.862B,,130.00M,,-307.00M,53.00M,13.00M,-13.00M,,747.00M,1.115B,13.00M,-13.00M,-187.00M,-13.00M,915.00M,617.00M,298.00M,698.00M,,,,1.492B,564.00M,928.00M,,2011-06,,,0.6999,1.40,,0.97,,,,2011-06,713.00M,717.00M,0.25,,2011-06,AOR,Restated
2011-03,3.692B,3.692B,1.69B,2.002B,,137.00M,,-279.00M,58.00M,19.00M,-19.00M,,830.00M,1.172B,19.00M,-19.00M,-162.00M,-19.00M,991.00M,536.00M,455.00M,541.00M,,,,1.645B,635.00M,1.01B,,2011-03,,,0.8951,1.40,,0.75,,,,2011-03,711.00M,715.00M,0.25,,2011-03,AOR,Restated
2010-12,3.31B,2.488B,3.216B,-728.00M,,163.00M,,743.00M,54.00M,25.00M,-14.00M,,-661.00M,-67.00M,25.00M,-14.00M,922.00M,-14.00M,841.00M,417.00M,424.00M,282.00M,,,,1.546B,680.00M,866.00M,,2010-12,,,-0.0873,0.99,,0.39,,,,2010-12,713.00M,715.00M,0.25,,2010-12,AOR,Restated
2010-09,2.878B,2.878B,1.223B,1.655B,,108.00M,,0.00,44.00M,16.00M,-16.00M,,682.00M,973.00M,16.00M,-16.00M,77.00M,-16.00M,1.034B,567.00M,467.00M,229.00M,,,,1.58B,530.00M,1.05B,,2010-09,,,0.66,0.98,,0.32,,,,2010-09,710.00M,712.00M,0.25,,2010-09,AOR,Restated
2010-06,2.81B,2.82B,1.39B,1.43B,,118.00M,,-97.00M,52.00M,15.00M,-15.00M,,586.00M,844.00M,15.00M,-15.00M,-14.00M,-15.00M,815.00M,441.00M,374.00M,335.00M,,,,1.246B,197.00M,830.00M,,2010-06,,,0.6188,1.00,,0.47,,,,2010-06,710.00M,712.00M,0.25,,2010-06,AOR,Restated
2010-03,15.75B,16.56B,14.17B,2.391B,,298.00M,,-434.00M,115.00M,,-30.00M,,1.062B,1.329B,,-30.00M,-329.00M,-30.00M,970.00M,513.00M,457.00M,,,,,1.978B,649.00M,1.329B,,2010-03,,,1.038,0.64,,0.00,,,,2010-03,709.00M,711.00M,0.24,,2010-03,AOR,Restated
2009-12,15.71B,15.88B,13.84B,2.047B,,328.00M,,349.00M,91.00M,,-436.00M,,1.053B,994.00M,,-436.00M,349.00M,-436.00M,907.00M,708.00M,199.00M,156.00M,,,,1.97B,634.00M,1.336B,,2009-12,,,-0.0400,0.50,,0.22,,,,2009-12,709.00M,711.00M,0.24,,2009-12,AOR,Restated
2009-09,14.36B,14.48B,12.41B,2.068B,,323.00M,,-3.00M,98.00M,,-35.00M,,1.048B,1.02B,,-35.00M,-3.00M,-35.00M,982.00M,590.00M,392.00M,21.00M,,,,1.647B,627.00M,1.02B,,2009-09,,,0.5528,0.58,,0.03,,,,2009-09,709.00M,711.00M,0.24,,2009-09,AOR,Restated
2009-06,13.04B,13.32B,11.16B,2.157B,,321.00M,,-15.00M,96.00M,12.00M,-12.00M,,1.10B,1.057B,12.00M,-12.00M,-15.00M,-12.00M,1.03B,702.00M,328.00M,85.00M,,,,1.725B,683.00M,1.042B,,2009-06,,,0.4738,0.58,,0.12,,,,2009-06,709.00M,711.00M,0.24,,2009-06,AOR,Restated
2009-03,10.18B,10.28B,8.688B,1.591B,,291.00M,,0.00,102.00M,16.00M,-16.00M,,1.053B,538.00M,16.00M,-16.00M,,-16.00M,522.00M,257.00M,265.00M,17.00M,,,,1.198B,660.00M,538.00M,,2009-03,,,0.37,0.40,,0.03,,,,2009-03,709.00M,712.00M,0.24,,2009-03,AOR,Restated
2008-12,14.25B,14.70B,11.84B,2.857B,,374.00M,,,106.00M,65.00M,-10.00M,,1.096B,1.761B,65.00M,-10.00M,,-10.00M,369.00M,418.00M,-49.00M,8.00M,,,,1.05B,616.00M,434.00M,,2008-12,,,-0.07,-0.06,,0.01,,,,2008-12,715.00M,719.00M,0.24,,2008-12,,Restated
2008-09,22.97B,23.30B,18.60B,4.698B,,349.00M,,,126.00M,46.00M,-46.00M,,1.059B,3.639B,46.00M,-46.00M,,-46.00M,3.593B,1.601B,1.992B,72.00M,,,,4.223B,580.00M,3.639B,,2008-09,,,2.82,2.92,,0.10,,,,2008-09,709.00M,711.00M,0.24,,2008-09,,Restated
2008-06,21.89B,22.20B,19.64B,2.566B,,361.00M,,,127.00M,11.00M,-11.00M,,981.00M,1.585B,11.00M,-11.00M,,-11.00M,1.574B,806.00M,768.00M,6.00M,,,,2.078B,482.00M,1.585B,,2008-06,,,1.08,1.09,,0.01,,,,2008-06,710.00M,714.00M,0.24,,2008-06,,Restated
2008-03,17.82B,18.10B,15.94B,2.164B,,300.00M,,,123.00M,,9.00M,,874.00M,1.29B,,9.00M,,9.00M,1.299B,568.00M,731.00M,,,,,1.741B,451.00M,1.29B,,2008-03,,,1.03,1.03,,0.00,,,,2008-03,709.00M,712.00M,0.24,,2008-03,,Restated
2007-12,16.88B,22.70B,14.75B,7.942B,,831.00M,,84.00M,108.00M,,,5.636B,6.99B,952.00M,,,235.00M,,991.00M,323.00M,668.00M,0.00,,0.00,,1.367B,415.00M,952.00M,,2007-12,,,0.8402,0.92,,0.00,,,,2007-12,709.27M,710.00M,0.24,,2007-12,,
2007-09,15.41B,15.41B,13.14B,2.267B,,336.00M,,120.00M,95.00M,,,-203.00M,637.00M,1.63B,,,290.00M,,1.747B,726.00M,1.021B,,,,,2.039B,409.00M,1.63B,,2007-09,,,1.385,1.50,,0.00,,,,2007-09,680.67M,685.23M,0.24,,2007-09,,
2007-06,16.74B,16.74B,13.32B,3.421B,,327.00M,,32.00M,93.00M,,,-152.00M,664.00M,2.757B,,,149.00M,,2.776B,1.234B,1.542B,8.00M,,1.00M,,3.153B,396.00M,2.757B,,2007-06,,,2.231,2.27,,0.01,,,,2007-06,710.00M,714.00M,0.24,,2007-06,,
2007-03,12.87B,12.87B,9.711B,3.158B,,287.00M,,22.00M,1.295B,,,-135.00M,1.84B,1.318B,,,129.00M,,1.335B,618.00M,717.00M,,,2.00M,,1.711B,393.00M,1.318B,,2007-03,,,1.019,1.04,,0.00,,,,2007-03,689.42M,692.75M,0.20,,2007-03,,
2006-12,8.828B,14.36B,6.037B,8.323B,,698.00M,,16.00M,91.00M,,,5.318B,6.495B,1.828B,,,109.00M,,1.805B,726.00M,1.079B,0.00,,3.00M,,2.216B,388.00M,1.828B,,2006-12,,,1.526,1.55,,0.00,,,,2006-12,699.94M,699.94M,0.20,,2006-12,,
2006-09,16.49B,16.49B,12.94B,3.555B,,300.00M,,33.00M,92.00M,,,-142.00M,611.00M,2.944B,,,142.00M,,2.953B,1.33B,1.623B,,,2.00M,,3.305B,361.00M,2.944B,,2006-09,,,2.252,2.28,,0.00,,,,2006-09,711.84M,718.14M,0.20,,2006-09,,
2006-06,16.90B,16.90B,13.49B,3.411B,,308.00M,,14.00M,91.00M,,,-111.00M,657.00M,2.754B,,,111.00M,,2.765B,1.281B,1.484B,264.00M,,2.00M,,3.123B,354.00M,2.754B,,2006-06,,,2.043,2.42,,0.365,,,,2006-06,722.31M,728.33M,0.20,,2006-06,,
2006-03,16.42B,16.42B,13.11B,3.304B,,287.00M,,29.00M,1.262B,,,-121.00M,1.828B,1.476B,,,121.00M,,1.456B,685.00M,771.00M,13.00M,,3.00M,,1.891B,415.00M,1.476B,,2006-03,,,1.031,1.075,,0.02,,,,2006-03,729.30M,736.15M,0.165,,2006-03,,
2005-12,20.60B,20.60B,13.25B,7.353B,,304.00M,,15.00M,4.792B,,,-127.00M,5.322B,2.031B,,,127.00M,,1.988B,723.00M,1.265B,19.00M,,4.00M,,2.439B,408.00M,2.031B,,2005-12,,,1.737,1.755,,0.00,,,,2005-12,730.78M,740.73M,0.165,,2005-12,,
2005-09,15.86B,15.86B,13.97B,1.889B,,324.00M,,5.00M,84.00M,,,-74.00M,653.00M,1.236B,,,74.00M,,1.208B,458.00M,750.00M,20.00M,,3.00M,,1.555B,319.00M,1.236B,,2005-09,,,1.021,1.055,,0.03,,,,2005-09,729.86M,736.84M,0.165,,2005-09,,
2005-06,14.73B,14.73B,12.80B,1.936B,,268.00M,,37.00M,78.00M,,,-82.00M,585.00M,1.351B,,,82.00M,,1.002B,334.00M,668.00M,5.00M,,-314.00M,,1.672B,308.00M,1.351B,,2005-06,,,0.9294,0.97,,0.005,,,,2005-06,693.81M,701.04M,0.14,,2005-06,,
2005-03,12.93B,12.93B,10.61B,2.318B,,260.00M,,38.00M,105.00M,,,-78.00M,610.00M,1.708B,,,78.00M,,1.607B,199.00M,1.408B,,,-69.00M,,2.031B,323.00M,1.708B,,2005-03,,,0.4221,0.47,,0.00,,,,2005-03,695.44M,695.44M,0.14,,2005-03,,
2004-12,13.36B,9.843B,11.67B,-1.827B,,262.00M,,61.00M,96.00M,,,,-2.648B,821.00M,,,123.00M,,953.00M,215.00M,738.00M,0.00,,-145.00M,,1.142B,321.00M,821.00M,,2004-12,,,0.9962,1.064,,0.00,,,,2004-12,693.39M,693.39M,0.14,,2004-12,,
2004-09,11.11B,12.32B,10.00B,2.316B,,261.00M,,29.00M,80.00M,,,1.137B,1.774B,542.00M,,,67.00M,,355.00M,133.00M,222.00M,,,-147.00M,,838.00M,296.00M,542.00M,,2004-09,,,0.2939,0.32,,0.00,,,,2004-09,693.75M,693.75M,0.125,,2004-09,,
2004-06,11.38B,11.45B,9.965B,1.489B,,280.00M,,28.00M,79.00M,,,,660.00M,829.00M,,,71.00M,,562.00M,214.00M,348.00M,4.00M,,-216.00M,,1.13B,298.00M,829.00M,,2004-06,,,0.4799,0.51,,0.005,,,,2004-06,690.20M,690.20M,0.125,,2004-06,,
2004-03,9.60B,9.641B,8.548B,1.093B,,230.00M,,14.00M,83.00M,,,,615.00M,478.00M,,,41.00M,,423.00M,165.00M,258.00M,,,-17.00M,,780.00M,302.00M,478.00M,,2004-03,,,0.4013,0.415,,0.00,,,,2004-03,621.69M,621.69M,0.125,,2004-03,,
2003-12,9.96B,10.03B,9.111B,916.00M,,220.00M,,38.00M,68.00M,,,,563.00M,353.00M,,,67.00M,,305.00M,106.00M,199.00M,286.00M,0.00,-35.00M,,631.00M,278.00M,353.00M,,2003-12,0.00,,0.2798,0.785,,0.465,0.0000,,,2003-12,616.07M,616.07M,0.125,,2003-12,,
2003-09,9.149B,9.224B,7.964B,1.26B,,249.00M,,56.00M,73.00M,,,,602.00M,658.00M,,,75.00M,,471.00M,178.00M,293.00M,-12.00M,,-132.00M,,938.00M,246.00M,658.00M,,2003-09,,,0.4142,0.45,,-0.02,,,,2003-09,624.44M,624.44M,0.125,,2003-09,,
2003-06,8.553B,8.615B,7.47B,1.145B,,244.00M,,129.00M,78.00M,,,,619.00M,526.00M,,,62.00M,,369.00M,134.00M,235.00M,13.00M,,-105.00M,,837.00M,311.00M,526.00M,,2003-06,,,0.2475,0.40,,0.02,,,,2003-06,620.00M,620.00M,0.115,,2003-06,,
2003-03,9.016B,9.083B,7.957B,1.126B,,207.00M,,19.00M,80.00M,,,,579.00M,547.00M,,,67.00M,,451.00M,166.00M,285.00M,18.00M,4.00M,-30.00M,,856.00M,309.00M,547.00M,,2003-03,0.00,,0.4406,0.495,,0.035,0.0064,,,2003-03,620.20M,620.20M,0.115,,2003-03,,
2002-12,7.421B,7.508B,6.55B,958.00M,,237.00M,,110.00M,63.00M,,,71.00M,659.00M,299.00M,,,158.00M,,282.00M,90.00M,192.00M,2.00M,0.00,-35.00M,,587.00M,257.00M,299.00M,,2002-12,0.00,,0.1858,0.31,,0.025,-0.0001,,,2002-12,628.24M,628.24M,0.115,,2002-12,,
2002-09,7.283B,7.365B,6.442B,923.00M,,218.00M,,25.00M,61.00M,,,-12.00M,551.00M,372.00M,,,58.00M,,228.00M,154.00M,74.00M,13.00M,,-45.00M,,664.00M,292.00M,372.00M,,2002-09,,,0.0958,0.14,,0.02,,,,2002-09,619.75M,619.94M,0.115,,2002-09,,
2002-06,6.995B,7.039B,6.013B,1.026B,,184.00M,,-69.00M,68.00M,,,-42.00M,528.00M,498.00M,,,-37.00M,,258.00M,90.00M,168.00M,,,-82.00M,,816.00M,308.00M,498.00M,,2002-06,,,0.3425,0.27,,0.00,,,,2002-06,619.61M,620.14M,0.115,,2002-06,,
2002-03,5.423B,5.468B,4.818B,650.00M,,187.00M,,92.00M,64.00M,,,-71.00M,482.00M,168.00M,,,116.00M,,93.00M,39.00M,54.00M,,13.00M,-11.00M,,470.00M,294.00M,168.00M,,2002-03,0.00,,0.0008,0.11,,0.02,0.0210,,,2002-03,619.14M,619.67M,0.115,,2002-03,,
2001-12,5.454B,5.716B,4.741B,975.00M,,208.00M,,191.00M,50.00M,,,,605.00M,370.00M,,,191.00M,,278.00M,138.00M,140.00M,-1.214B,0.00,-54.00M,,692.00M,322.00M,370.00M,,2001-12,0.00,,0.0398,-1.465,,-1.69,0.0000,,,2001-12,618.86M,619.37M,0.115,,2001-12,,
2001-09,7.362B,7.362B,6.078B,1.284B,,175.00M,,-166.00M,64.00M,,,166.00M,707.00M,577.00M,,,-166.00M,,304.00M,120.00M,184.00M,-14.00M,,-223.00M,,879.00M,302.00M,577.00M,,2001-09,,,0.4574,0.275,,-0.02,,,,2001-09,618.62M,619.85M,0.115,,2001-09,,
2001-06,7.981B,8.036B,6.22B,1.816B,,186.00M,,55.00M,71.00M,,,,563.00M,1.253B,,,55.00M,,891.00M,311.00M,580.00M,-28.00M,,-320.00M,,1.559B,306.00M,1.253B,,2001-06,,,0.8821,0.94,,0.00,,,,2001-06,618.20M,619.25M,0.115,,2001-06,,
2001-03,7.569B,7.684B,6.244B,1.44B,,145.00M,,115.00M,84.00M,,,,532.00M,908.00M,,,115.00M,,759.00M,258.00M,501.00M,16.00M,-8.00M,-107.00M,,1.211B,303.00M,908.00M,,2001-03,0.00,,0.6871,0.795,,-0.015,-0.0130,,,2001-03,617.51M,618.15M,0.115,,2001-03,,
2000-12,7.481B,7.481B,6.311B,1.17B,,228.00M,,-1.299B,76.00M,,,,1.257B,-87.00M,,,-1.218B,,-653.00M,-331.00M,-322.00M,,,-125.00M,,431.00M,518.00M,-87.00M,,2000-12,,,0.7424,-0.515,,0.00,,,,2000-12,619.84M,620.46M,0.115,,2000-12,,
2000-09,8.107B,8.107B,6.974B,1.133B,,151.00M,,59.00M,71.00M,,,,463.00M,670.00M,,,59.00M,,561.00M,440.00M,121.00M,,,-115.00M,,911.00M,241.00M,670.00M,,2000-09,,,0.1332,0.19,,0.00,,,,2000-09,623.69M,624.19M,0.115,,2000-09,,
2000-06,7.755B,7.755B,6.493B,1.262B,,124.00M,,30.00M,68.00M,,,,432.00M,830.00M,,,30.00M,,589.00M,222.00M,367.00M,,,-203.00M,,1.07B,240.00M,830.00M,,2000-06,,,0.5601,0.59,,0.00,,,,2000-06,624.47M,624.86M,0.105,,2000-06,,
2000-03,6.807B,6.807B,5.95B,857.00M,,134.00M,,115.00M,67.00M,,,,447.00M,410.00M,,,115.00M,,399.00M,145.00M,254.00M,,,-55.00M,,656.00M,246.00M,410.00M,,2000-03,,,0.2877,0.405,,0.00,,,,2000-03,624.26M,624.57M,0.105,,2000-03,,
1999-12,6.411B,6.411B,5.654B,757.00M,,111.00M,,44.00M,68.00M,,,,451.00M,306.00M,,,44.00M,,238.00M,67.00M,171.00M,,,-42.00M,,578.00M,272.00M,306.00M,,1999-12,,,0.2235,0.2742,,,,,,1999-12,623.53M,623.53M,0.105,,1999-12,,
1999-09,5.457B,5.457B,4.661B,796.00M,,121.00M,,162.00M,57.00M,,,,397.00M,399.00M,,,162.00M,,341.00M,111.00M,230.00M,,,-148.00M,,618.00M,219.00M,399.00M,,1999-09,,,0.1934,0.37,,0.00,,,,1999-09,618.78M,619.62M,0.105,,1999-09,,
1999-06,4.444B,4.444B,3.728B,716.00M,,132.00M,,100.00M,63.00M,,,,417.00M,299.00M,,,100.00M,,216.00M,82.00M,134.00M,,,-112.00M,,521.00M,222.00M,299.00M,,1999-06,,,0.1146,0.215,,0.00,,,,1999-06,618.11M,618.92M,0.105,,1999-06,,
1999-03,3.927B,3.927B,3.468B,459.00M,,122.00M,,360.00M,57.00M,,,,416.00M,43.00M,,,360.00M,,183.00M,64.00M,119.00M,,,-145.00M,,280.00M,237.00M,43.00M,,1999-03,,,-0.1888,0.19,,0.00,,,,1999-03,618.06M,618.39M,0.105,,1999-03,,
1998-12,4.36B,4.36B,3.86B,500.00M,,122.00M,,-219.00M,51.00M,,,,413.00M,87.00M,,,-219.00M,,-170.00M,-84.00M,-86.00M,,,33.00M,,327.00M,240.00M,87.00M,,1998-12,,,0.0736,-0.1394,,,,,,1998-12,616.92M,616.92M,0.105,,1998-12,,
1998-09,4.684B,4.684B,4.034B,650.00M,,132.00M,,-36.00M,46.00M,,,,400.00M,250.00M,,,-36.00M,,82.00M,31.00M,51.00M,,,-70.00M,,472.00M,222.00M,250.00M,,1998-09,,,0.1284,0.09,,0.00,,,,1998-09,582.64M,583.61M,0.105,,1998-09,,
1998-06,4.641B,4.641B,3.84B,801.00M,,120.00M,,35.00M,56.00M,,,,385.00M,416.00M,,,35.00M,,246.00M,84.00M,162.00M,,,-158.00M,,625.00M,209.00M,416.00M,,1998-06,,,0.2402,0.28,,0.00,,,,1998-06,579.18M,580.53M,0.105,,1998-06,,
