,OperatingRevenue,Revenue,CostofGoodsSold,GrossProfit,SalesandMarketingExpense,GeneralandAdministrativeExpense,SG&AExpense,ResearchandDevelopmentExpense,InvestmentWriteOff,SpecialIncomeandCharges,OperatingInterestExpense,OperatingInterestIncome,NetOperatingInterestIncome,OtherOperatingExpenses,TotalOperatingExpenses,OperatingIncome,Non-OperatingInterestIncome,Non-OperatingInterestExpense,NetNon-OperatingInterestIncomeExpense,OtherIncomeandExpenses,NetInterestIncome,Pre-TaxIncome,ProvisionforIncomeTaxes,IncomefromContinuingOperations,IncomefromDiscontinuedOperations,NormalizedIncome,EBITDA,ReconciledDepreciation,EBIT,,EPSBasicfromDiscontinuedOperations,EPSBasicfromExtraordinaries,NormalizedBasicEPS,EPSBasic,,EPSDilutedfromDiscontinuedOperations,EPSDilutedfromExtraordinaries,NormalizedDilutedEPS,SharesData(Quarterly),AverageBasicSharesOutstanding,AverageDilutedSharesOutstanding,DividendPerShare,,SECFilingLinks,AsOriginallyReported,Restated
2020-10,4.688B,4.688B,2.558B,2.13B,131.00M,156.00M,287.00M,560.00M,,,59.00M,19.00M,-40.00M,,847.00M,1.283B,19.00M,59.00M,-40.00M,,-40.00M,1.243B,112.00M,1.131B,,1.131B,1.399B,97.00M,1.302B,,,,1.24,1.24,,,,1.23,2020-10,916.00M,920.00M,0.22,,2020-10,AOR,
2020-07,4.395B,4.395B,2.44B,1.955B,130.00M,145.00M,275.00M,572.00M,,,61.00M,,-61.00M,,847.00M,1.108B,,61.00M,-61.00M,-7.00M,-61.00M,1.04B,199.00M,841.00M,,841.00M,1.195B,94.00M,1.101B,,,,0.92,0.92,,,,0.91,2020-07,915.00M,922.00M,0.22,,2020-07,AOR,
2020-04,3.957B,3.957B,2.208B,1.749B,130.00M,137.00M,267.00M,550.00M,,,61.00M,7.00M,-54.00M,,817.00M,932.00M,7.00M,61.00M,-54.00M,,-54.00M,878.00M,123.00M,755.00M,,755.00M,1.03B,91.00M,939.00M,,,,0.82,0.82,,,,0.82,2020-04,917.00M,923.00M,0.21,,2020-04,AOR,
2020-01,4.162B,4.162B,2.304B,1.858B,135.00M,129.00M,264.00M,552.00M,,,59.00M,22.00M,-37.00M,,816.00M,1.042B,22.00M,59.00M,-37.00M,,-37.00M,1.005B,113.00M,892.00M,,892.00M,1.158B,94.00M,1.064B,,,,0.97,0.97,,,,0.96,2020-01,916.00M,927.00M,0.21,,2020-01,AOR,
2019-10,3.754B,3.754B,2.12B,1.634B,129.00M,126.00M,255.00M,515.00M,,,59.00M,35.00M,-24.00M,,770.00M,864.00M,35.00M,59.00M,-24.00M,,-24.00M,840.00M,142.00M,698.00M,,698.00M,991.00M,92.00M,899.00M,,,,0.76,0.76,,,,0.75,2019-10,919.00M,930.00M,0.21,,2019-10,AOR,Restated
2019-07,3.562B,3.562B,2.005B,1.557B,128.00M,112.00M,240.00M,515.00M,,,58.00M,38.00M,-20.00M,,755.00M,802.00M,38.00M,58.00M,-20.00M,,-20.00M,782.00M,211.00M,571.00M,,571.00M,929.00M,89.00M,840.00M,,,,0.61,0.61,,,,0.61,2019-07,929.00M,937.00M,0.21,,2019-07,AOR,Restated
2019-04,3.539B,3.539B,2.009B,1.53B,133.00M,113.00M,246.00M,508.00M,,,60.00M,43.00M,-17.00M,,754.00M,776.00M,43.00M,60.00M,-17.00M,,-17.00M,759.00M,93.00M,666.00M,,666.00M,913.00M,94.00M,819.00M,,,,0.71,0.71,,,,0.70,2019-04,942.00M,948.00M,0.20,,2019-04,AOR,Restated
2019-01,3.753B,3.753B,2.088B,1.665B,131.00M,110.00M,241.00M,516.00M,,,60.00M,40.00M,-20.00M,,757.00M,908.00M,40.00M,60.00M,-20.00M,,-20.00M,888.00M,117.00M,771.00M,,771.00M,1.036B,88.00M,948.00M,,,,0.81,0.81,,,,0.80,2019-01,957.00M,965.00M,0.20,,2019-01,AOR,Restated
2018-10,3.759B,3.759B,2.102B,1.657B,127.00M,120.00M,247.00M,519.00M,,,60.00M,44.00M,-16.00M,,766.00M,891.00M,44.00M,60.00M,-16.00M,,-16.00M,875.00M,118.00M,757.00M,,757.00M,1.055B,120.00M,935.00M,,,,0.90,0.90,,,,0.89,2018-10,974.00M,987.00M,0.20,,2018-10,AOR,Restated
2018-07,4.162B,4.162B,2.298B,1.864B,138.00M,128.00M,266.00M,505.00M,,,59.00M,43.00M,-16.00M,,771.00M,1.093B,43.00M,59.00M,-16.00M,,-16.00M,1.077B,61.00M,1.016B,,1.016B,1.246B,110.00M,1.136B,,,,1.02,1.02,,,,1.01,2018-07,994.00M,1.005B,0.20,,2018-07,AOR,Restated
2018-04,4.579B,4.579B,2.523B,2.056B,130.00M,125.00M,255.00M,509.00M,,,56.00M,25.00M,-31.00M,,764.00M,1.292B,25.00M,56.00M,-31.00M,,-31.00M,1.261B,161.00M,1.10B,,1.10B,1.425B,108.00M,1.317B,,,,1.07,1.07,,,,1.06,2018-04,1.029B,1.04B,0.10,,2018-04,AOR,Restated
2018-01,4.205B,4.205B,2.265B,1.94B,126.00M,110.00M,236.00M,489.00M,,,59.00M,27.00M,-32.00M,,725.00M,1.215B,27.00M,59.00M,-32.00M,,-32.00M,1.183B,1.018B,165.00M,,165.00M,1.361B,119.00M,1.242B,,,,0.16,0.16,,,,0.15,2018-01,1.056B,1.071B,0.10,,2018-01,AOR,Restated
2017-10,4.13B,4.13B,2.263B,1.867B,106.00M,122.00M,228.00M,473.00M,,,57.00M,50.00M,-7.00M,,701.00M,1.166B,50.00M,57.00M,-7.00M,,-7.00M,1.159B,92.00M,1.067B,,1.067B,1.321B,105.00M,1.216B,,,,0.92,0.92,,,,0.91,2017-10,1.064B,1.075B,0.10,,2017-10,AOR,Restated
2017-07,3.744B,3.744B,2.044B,1.70B,117.00M,106.00M,223.00M,454.00M,,,59.00M,14.00M,-45.00M,,677.00M,1.023B,14.00M,59.00M,-45.00M,,-45.00M,978.00M,53.00M,925.00M,,925.00M,1.139B,102.00M,1.037B,,,,0.86,0.86,,,,0.85,2017-07,1.071B,1.083B,0.10,,2017-07,AOR,Restated
2017-04,3.546B,3.546B,1.946B,1.60B,116.00M,107.00M,223.00M,437.00M,,,44.00M,12.00M,-32.00M,,660.00M,940.00M,12.00M,44.00M,-32.00M,,-32.00M,908.00M,84.00M,824.00M,,824.00M,1.055B,103.00M,952.00M,,,,0.76,0.76,,,,0.76,2017-04,1.078B,1.087B,0.10,,2017-04,AOR,Restated
2017-01,3.278B,3.278B,1.833B,1.445B,118.00M,103.00M,221.00M,417.00M,,,38.00M,2.00M,-36.00M,,638.00M,807.00M,2.00M,38.00M,-36.00M,,-36.00M,771.00M,68.00M,703.00M,,703.00M,906.00M,97.00M,809.00M,,,,0.65,0.65,,,,0.65,2017-01,1.078B,1.089B,0.10,,2017-01,AOR,Restated
2016-10,3.297B,3.297B,1.898B,1.399B,114.00M,114.00M,228.00M,394.00M,,,38.00M,1.00M,-37.00M,,622.00M,777.00M,1.00M,38.00M,-37.00M,,-37.00M,740.00M,130.00M,610.00M,,610.00M,878.00M,100.00M,778.00M,,,,0.56,0.56,,,,0.56,2016-10,1.083B,1.095B,0.10,,2016-10,AOR,Restated
2016-07,2.821B,2.821B,1.629B,1.192B,107.00M,103.00M,210.00M,386.00M,,,38.00M,6.00M,-32.00M,,596.00M,596.00M,6.00M,38.00M,-32.00M,,-32.00M,564.00M,59.00M,505.00M,,505.00M,699.00M,97.00M,602.00M,,,,0.47,0.47,,,,0.46,2016-07,1.083B,1.093B,0.10,,2016-07,AOR,Restated
2016-04,2.45B,2.45B,1.446B,1.004B,102.00M,91.00M,193.00M,386.00M,,,37.00M,7.00M,-30.00M,,579.00M,425.00M,7.00M,37.00M,-30.00M,,-30.00M,395.00M,75.00M,320.00M,,320.00M,528.00M,96.00M,432.00M,,,,0.29,0.29,,,,0.29,2016-04,1.113B,1.119B,0.10,,2016-04,AOR,Restated
2016-01,2.257B,2.257B,1.341B,916.00M,106.00M,82.00M,188.00M,374.00M,,,42.00M,2.00M,-40.00M,,562.00M,354.00M,2.00M,42.00M,-40.00M,,-40.00M,314.00M,28.00M,286.00M,,286.00M,452.00M,96.00M,356.00M,,,,0.25,0.25,,,,0.25,2016-01,1.146B,1.154B,0.10,,2016-01,AOR,Restated
2015-10,2.368B,2.368B,1.409B,959.00M,96.00M,77.00M,173.00M,363.00M,,,32.00M,6.00M,-26.00M,,536.00M,423.00M,6.00M,32.00M,-26.00M,0.00,-26.00M,397.00M,61.00M,336.00M,,336.00M,525.00M,96.00M,429.00M,,,,0.28,0.28,,,,0.28,2015-10,1.181B,1.19B,0.10,,2015-10,AOR,Restated
2015-07,2.49B,2.49B,1.472B,1.018B,112.00M,135.00M,247.00M,372.00M,,,24.00M,3.00M,-21.00M,,619.00M,399.00M,3.00M,24.00M,-21.00M,-3.00M,-21.00M,375.00M,46.00M,329.00M,,331.63M,492.00M,93.00M,399.00M,,,,0.2722,0.27,,,,0.2721,2015-07,1.221B,1.231B,0.10,,2015-07,AOR,Restated
2015-04,2.442B,2.442B,1.426B,1.016B,109.00M,140.00M,249.00M,365.00M,,,27.00M,,-27.00M,,614.00M,402.00M,,27.00M,-27.00M,14.00M,-27.00M,389.00M,25.00M,364.00M,,350.90M,506.00M,90.00M,416.00M,,,,0.2893,0.30,,,,0.2794,2015-04,1.23B,1.241B,0.10,,2015-04,AOR,Restated
2015-01,2.359B,2.359B,1.40B,959.00M,111.00M,117.00M,228.00M,351.00M,,,23.00M,2.00M,-21.00M,,579.00M,380.00M,2.00M,23.00M,-21.00M,78.00M,-21.00M,437.00M,89.00M,348.00M,,285.91M,552.00M,92.00M,460.00M,,,,0.2293,0.28,,,,0.2299,2015-01,1.224B,1.24B,0.10,,2015-01,AOR,Restated
2014-10,2.264B,2.264B,1.305B,959.00M,99.00M,127.00M,226.00M,360.00M,,,23.00M,9.00M,-14.00M,,586.00M,373.00M,9.00M,23.00M,-14.00M,39.00M,-14.00M,398.00M,142.00M,256.00M,,230.91M,515.00M,94.00M,421.00M,,,,0.2195,0.24,,,,0.2097,2014-10,1.221B,1.234B,0.10,,2014-10,AOR,Restated
2014-07,2.265B,2.265B,1.273B,992.00M,108.00M,126.00M,234.00M,357.00M,,,24.00M,3.00M,-21.00M,,591.00M,401.00M,3.00M,24.00M,-21.00M,-10.00M,-21.00M,370.00M,69.00M,301.00M,,309.14M,487.00M,93.00M,394.00M,,,,0.2567,0.25,,,,0.2466,2014-07,1.218B,1.233B,0.10,,2014-07,AOR,Restated
2014-04,2.353B,2.353B,1.352B,1.001B,107.00M,129.00M,236.00M,355.00M,,,23.00M,1.00M,-22.00M,,591.00M,410.00M,1.00M,23.00M,-22.00M,-23.00M,-22.00M,365.00M,103.00M,262.00M,,278.51M,482.00M,94.00M,388.00M,,,,0.2336,0.22,,,,0.2234,2014-04,1.216B,1.229B,0.10,,2014-04,AOR,Restated
2014-01,2.19B,2.19B,1.299B,891.00M,109.00M,120.00M,229.00M,356.00M,,,25.00M,10.00M,-15.00M,,585.00M,306.00M,10.00M,25.00M,-15.00M,24.00M,-15.00M,315.00M,62.00M,253.00M,,233.73M,434.00M,94.00M,340.00M,,,,0.1940,0.21,,,,0.1908,2014-01,1.206B,1.225B,0.10,,2014-01,AOR,Restated
2013-10,1.988B,1.988B,1.193B,795.00M,99.00M,110.00M,209.00M,338.00M,,-30.00M,24.00M,7.00M,-17.00M,,547.00M,248.00M,7.00M,24.00M,-17.00M,-37.00M,-17.00M,194.00M,11.00M,183.00M,,211.30M,316.00M,98.00M,218.00M,,,,0.1735,0.15,,,,0.1732,2013-10,1.205B,1.222B,0.10,,2013-10,AOR,Restated
2013-07,1.975B,1.975B,1.169B,806.00M,111.00M,97.00M,208.00M,334.00M,,-14.00M,23.00M,1.00M,-22.00M,,542.00M,264.00M,1.00M,23.00M,-22.00M,-14.00M,-22.00M,228.00M,60.00M,168.00M,,178.32M,351.00M,100.00M,251.00M,,,,0.1486,0.14,,,,0.1485,2013-07,1.203B,1.22B,0.10,,2013-07,AOR,Restated
2013-04,1.973B,1.973B,1.165B,808.00M,118.00M,126.00M,244.00M,344.00M,,-288.00M,24.00M,2.00M,-22.00M,,588.00M,220.00M,2.00M,24.00M,-22.00M,-288.00M,-22.00M,-90.00M,39.00M,-129.00M,,58.20M,40.00M,106.00M,-66.00M,,,,0.0456,-0.11,,,,0.0456,2013-04,1.203B,1.203B,0.09,,2013-04,AOR,Restated
2013-01,1.573B,1.573B,991.00M,582.00M,105.00M,125.00M,230.00M,304.00M,0.00,-9.00M,24.00M,3.00M,-21.00M,,534.00M,48.00M,3.00M,24.00M,-21.00M,-9.00M,-21.00M,18.00M,-16.00M,34.00M,,39.85M,148.00M,106.00M,42.00M,,,,0.0349,0.03,,,,0.0348,2013-01,1.198B,1.212B,0.09,,2013-01,AOR,Restated
2012-10,1.646B,1.646B,1.059B,587.00M,107.00M,130.00M,237.00M,304.00M,,-542.00M,23.00M,-13.00M,-36.00M,,541.00M,46.00M,-13.00M,23.00M,-36.00M,-542.00M,-36.00M,-532.00M,-17.00M,-515.00M,,9.680M,-412.00M,97.00M,-509.00M,,,,0.0108,-0.42,,,,0.0059,2012-10,1.218B,1.232B,0.09,,2012-10,AOR,Restated
2012-07,2.343B,2.343B,1.413B,930.00M,118.00M,137.00M,255.00M,309.00M,0.00,-44.00M,24.00M,4.00M,-20.00M,,564.00M,366.00M,4.00M,24.00M,-20.00M,-44.00M,-20.00M,302.00M,84.00M,218.00M,,249.77M,431.00M,105.00M,326.00M,,,,0.1953,0.17,,,,0.1951,2012-07,1.257B,1.268B,0.09,,2012-07,AOR,Restated
2012-04,2.541B,2.541B,1.53B,1.011B,,,281.00M,321.00M,3.00M,-3.00M,23.00M,4.00M,-19.00M,,602.00M,409.00M,4.00M,23.00M,-19.00M,-3.00M,-19.00M,387.00M,98.00M,289.00M,,291.24M,518.00M,108.00M,410.00M,,,,0.2217,0.22,,,,0.2217,2012-04,1.289B,1.301B,0.08,,2012-04,AOR,Restated
2012-01,2.189B,2.189B,1.403B,786.00M,,,303.00M,304.00M,,0.00,24.00M,4.00M,-20.00M,,607.00M,179.00M,4.00M,24.00M,-20.00M,,-20.00M,159.00M,42.00M,117.00M,,117.00M,295.00M,112.00M,183.00M,,,,0.09,0.09,,,,0.0893,2012-01,1.299B,1.31B,0.08,,2012-01,AOR,Restated
2011-10,2.181B,2.181B,1.33B,851.00M,,,222.00M,268.00M,,-3.00M,24.00M,9.00M,-15.00M,,490.00M,361.00M,9.00M,24.00M,-15.00M,-3.00M,-15.00M,343.00M,-112.00M,455.00M,,456.95M,426.00M,59.00M,367.00M,,,,0.3515,0.35,,,,0.3515,2011-10,1.313B,1.321B,0.08,,2011-10,AOR,Restated
2011-07,2.787B,2.787B,1.603B,1.184B,,,240.00M,282.00M,,25.00M,25.00M,7.00M,-18.00M,,522.00M,662.00M,7.00M,25.00M,-18.00M,25.00M,-18.00M,669.00M,193.00M,476.00M,,458.21M,753.00M,59.00M,694.00M,,0.00,,0.3465,0.36,,0.00,,0.3466,2011-07,1.318B,1.33B,0.08,,2011-07,AOR,Restated
2011-04,2.862B,2.862B,1.673B,1.189B,,,219.00M,297.00M,,4.00M,5.00M,14.00M,9.00M,,516.00M,673.00M,14.00M,5.00M,9.00M,4.00M,9.00M,686.00M,197.00M,489.00M,,486.15M,756.00M,65.00M,691.00M,,0.00,,0.3678,0.37,,0.00,,0.3679,2011-04,1.32B,1.333B,0.07,,2011-04,AOR,Restated
2011-01,2.686B,2.686B,1.55B,1.136B,,,221.00M,270.00M,,29.00M,5.00M,11.00M,6.00M,,491.00M,645.00M,11.00M,5.00M,6.00M,29.00M,6.00M,680.00M,174.00M,506.00M,,484.42M,748.00M,63.00M,685.00M,,0.00,,0.3637,0.38,,0.00,,0.3638,2011-01,1.324B,1.335B,0.07,,2011-01,AOR,Restated
2010-10,2.887B,2.887B,1.67B,1.217B,,,242.00M,278.00M,,2.00M,6.00M,10.00M,4.00M,,520.00M,697.00M,10.00M,6.00M,4.00M,2.00M,4.00M,703.00M,235.00M,468.00M,,466.67M,778.00M,69.00M,709.00M,,,,0.3490,0.35,,,,0.3490,2010-10,1.334B,1.343B,0.07,,2010-10,AOR,Restated
2010-07,2.518B,2.518B,1.658B,860.00M,,,252.00M,290.00M,,-143.00M,5.00M,8.00M,3.00M,,542.00M,318.00M,8.00M,5.00M,3.00M,-143.00M,3.00M,178.00M,55.00M,123.00M,,221.81M,256.00M,73.00M,183.00M,,0.00,,0.1637,0.09,,0.00,,0.1632,2010-07,1.34B,1.349B,0.07,,2010-07,AOR,Restated
2010-04,2.296B,2.296B,1.369B,927.00M,100.00M,126.00M,226.00M,306.00M,,-13.00M,5.00M,10.00M,5.00M,,532.00M,395.00M,10.00M,5.00M,5.00M,-13.00M,5.00M,387.00M,123.00M,264.00M,,272.87M,479.00M,87.00M,392.00M,,0.00,,0.2066,0.20,,0.00,,0.2066,2010-04,1.345B,1.352B,0.06,,2010-04,AOR,Restated
2010-01,1.849B,1.849B,1.138B,711.00M,97.00M,125.00M,222.00M,269.00M,,-104.00M,5.00M,8.00M,3.00M,,491.00M,220.00M,8.00M,5.00M,3.00M,-104.00M,3.00M,119.00M,36.00M,83.00M,,155.54M,200.00M,76.00M,124.00M,,0.00,,0.1141,0.06,,0.00,,0.1137,2010-01,1.342B,1.35B,0.06,,2010-01,AOR,Restated
2009-10,1.526B,1.526B,967.56M,558.84M,79.26M,76.14M,155.40M,234.19M,,-1.365M,5.359M,11.32M,5.964M,,389.59M,169.25M,11.32M,5.359M,5.964M,-71.33M,5.964M,173.85M,35.99M,137.86M,,138.94M,250.80M,71.59M,179.21M,,,,0.1008,0.10,,,,0.1008,2009-10,1.338B,1.338B,0.06,,2009-10,AOR,Restated
2009-07,1.134B,1.134B,808.87M,324.87M,79.52M,88.49M,168.00M,234.05M,,-2.341M,4.893M,10.23M,5.34M,,402.06M,-77.18M,10.23M,4.893M,5.34M,-2.341M,5.34M,-74.18M,-19.32M,-54.86M,,-53.13M,4.21M,73.50M,-69.29M,,0.00,,-0.0387,-0.04,,0.00,,-0.0387,2009-07,1.333B,1.333B,0.06,,2009-07,AOR,Restated
2009-04,1.020B,1.020B,864.56M,155.52M,84.68M,101.08M,185.76M,236.34M,,-103.79M,5.058M,11.79M,6.731M,,422.09M,-266.57M,11.79M,5.058M,6.731M,-122.96M,6.731M,-382.81M,-127.42M,-255.39M,,-186.15M,-302.87M,74.88M,-377.75M,,0.00,,-0.1380,-0.19,,0.00,,-0.1380,2009-04,1.332B,1.332B,0.06,,2009-04,AOR,Restated
2009-01,1.333B,1.333B,941.82M,391.58M,84.12M,141.24M,225.36M,229.54M,,-132.77M,5.994M,15.24M,9.241M,,454.90M,-63.32M,15.24M,5.994M,9.241M,-148.58M,9.241M,-202.66M,-69.72M,-132.93M,,-45.84M,-125.44M,71.23M,-196.66M,,0.00,,-0.0345,-0.10,,0.00,,-0.0345,2009-01,1.329B,1.329B,0.06,,2009-01,,Restated
2008-10,2.044B,2.044B,1.245B,798.70M,,,238.54M,275.22M,,31.52M,,,,,513.76M,284.94M,,,,21.66M,,322.69M,91.59M,231.10M,,208.52M,420.64M,80.01M,340.62M,,,,0.1531,0.17,,,,0.1535,2008-10,1.338B,1.371B,0.06,,2008-10,,Restated
2008-07,1.848B,1.848B,1.106B,742.31M,,,245.28M,268.56M,,-0.138M,,,,,513.84M,228.47M,,,,-6.446M,,242.56M,77.80M,164.77M,,164.86M,314.19M,85.72M,228.47M,,0.00,,0.1201,0.12,,0.00,,0.1201,2008-07,1.351B,1.368B,0.06,,2008-07,,
2008-04,2.150B,2.150B,1.183B,966.83M,,,241.44M,287.12M,,-0.51M,,,,,528.57M,438.26M,,,,-10.28M,,454.14M,151.64M,302.51M,,302.85M,514.11M,75.85M,438.26M,,0.00,,0.2202,0.22,,0.00,,0.2202,2008-04,1.357B,1.373B,0.06,,2008-04,,
2008-01,2.087B,2.087B,1.152B,934.98M,,,239.89M,273.22M,,-48.99M,,,,,513.11M,421.87M,,,,-58.57M,,389.32M,126.95M,262.38M,,295.39M,500.34M,78.47M,421.87M,,0.00,,0.2141,0.19,,0.00,,0.2139,2008-01,1.371B,1.384B,0.06,,2008-01,,
2007-10,2.367B,2.367B,1.290B,1.077B,,,241.89M,270.88M,,-3.039M,,,,,512.77M,564.13M,,,,-15.20M,,579.24M,157.48M,421.76M,,423.97M,725.51M,81.02M,644.49M,,,,0.3015,0.30,,,,0.2915,2007-10,1.433B,1.461B,0.06,,2007-10,,Restated
2007-07,2.561B,2.561B,1.345B,1.216B,,,250.33M,292.58M,,-1.616M,,,,,542.91M,673.48M,,,,-8.964M,,686.91M,213.39M,473.52M,,474.63M,736.81M,63.33M,673.48M,,0.00,,0.3408,0.34,,0.00,,0.3408,2007-07,1.386B,1.407B,0.06,,2007-07,,
2007-04,2.530B,2.530B,1.393B,1.137B,,,231.50M,291.04M,,-25.04M,,,,,522.54M,614.07M,,,,-30.97M,,608.28M,196.83M,411.44M,,428.38M,677.14M,63.07M,614.07M,,0.00,,0.3122,0.30,,0.00,,0.3020,2007-04,1.391B,1.407B,0.05,,2007-04,,
2007-01,2.277B,2.277B,1.215B,1.063B,,,228.72M,287.57M,,3.278M,,,,,516.29M,546.25M,,,,-0.659M,,565.22M,161.75M,403.48M,,401.14M,607.15M,60.90M,546.25M,,0.00,,0.2883,0.29,,0.00,,0.2883,2007-01,1.395B,1.409B,0.05,,2007-01,,
2006-10,2.518B,2.518B,1.332B,1.186B,,,250.56M,299.24M,,-1.49M,,,,,1.122B,63.66M,,,,-4.339M,,660.07M,211.04M,449.03M,,450.04M,136.69M,73.03M,63.66M,,0.00,,0.3007,0.30,,0.00,,0.3007,2006-10,1.491B,1.500B,0.05,,2006-10,,
2006-07,2.543B,2.543B,1.320B,1.223B,,,240.89M,304.33M,,2.646M,,,,,545.22M,678.14M,,,,2.646M,,722.51M,210.47M,512.04M,,510.16M,740.01M,61.87M,678.14M,,0.00,,0.3288,0.33,,0.00,,0.3288,2006-07,1.551B,1.563B,0.05,,2006-07,,
2006-04,2.248B,2.248B,1.203B,1.045B,,,209.25M,275.88M,,1.578M,,,,,485.13M,559.49M,,,,1.578M,,600.47M,187.65M,412.81M,,411.73M,625.33M,65.84M,559.49M,,0.00,,0.2593,0.26,,0.00,,0.2593,2006-04,1.577B,1.586B,0.03,,2006-04,,
2006-01,1.858B,1.858B,1.020B,837.70M,,,206.04M,272.88M,,-214.85M,,,,,478.91M,358.79M,,,,-214.85M,,183.92M,41.14M,142.78M,,309.56M,428.46M,69.68M,358.79M,,0.00,,0.1944,0.09,,0.00,,0.1937,2006-01,1.598B,1.608B,0.03,,2006-01,,
2005-10,1.718B,1.718B,957.99M,760.13M,,,171.88M,236.71M,,,,,,,408.59M,351.54M,,,,,,390.51M,143.80M,246.71M,,246.71M,425.91M,74.37M,351.54M,,,,0.1730,0.1730,,0.00,,0.15,2005-10,1.655B,1.655B,0.03,,2005-10,,
2005-07,1.632B,1.632B,914.85M,717.09M,,,177.94M,236.45M,,,,,,,414.39M,302.70M,,,,,,339.31M,-30.28M,369.59M,,369.59M,375.02M,72.33M,302.70M,,0.00,,0.23,0.23,,0.00,,0.23,2005-07,1.631B,1.642B,0.03,,2005-07,,
2005-04,1.861B,1.861B,1.043B,818.43M,,,181.32M,225.59M,,,,,,,406.91M,411.52M,,,,,,442.15M,137.32M,304.83M,,304.83M,486.13M,74.61M,411.52M,,0.00,,0.18,0.18,,0.00,,0.18,2005-04,1.661B,1.672B,,,2005-04,,
2005-01,1.781B,1.781B,990.35M,790.22M,,,166.25M,241.76M,,,,,,,408.02M,382.21M,,,,,,409.60M,120.83M,288.76M,,288.76M,461.49M,79.28M,382.21M,,0.00,,0.17,0.17,,0.00,,0.17,2005-01,1.673B,1.687B,,,2005-01,,
2004-10,2.203B,2.203B,1.176B,1.027B,,,214.59M,248.27M,,-26.63M,,,,,489.49M,537.71M,,,,-26.63M,,557.91M,102.90M,455.01M,,476.72M,625.84M,88.12M,537.71M,,0.00,,0.2829,0.27,,0.00,,0.2727,2004-10,1.684B,1.704B,,,2004-10,,
2004-07,2.236B,2.236B,1.177B,1.059B,,,188.91M,256.78M,,,,,,,445.69M,613.54M,,,,,,624.92M,184.35M,440.57M,,440.57M,701.79M,88.24M,613.54M,,0.00,,0.26,0.26,,0.00,,0.26,2004-07,1.697B,1.722B,,,2004-07,,
2004-04,2.018B,2.018B,1.079B,938.64M,,,179.43M,244.18M,,,,,,,423.61M,515.03M,,,,,,529.57M,156.22M,373.35M,,373.35M,606.50M,91.47M,515.03M,,0.00,,0.22,0.22,,0.00,,0.22,2004-04,1.691B,1.730B,,,2004-04,,
2004-01,1.555B,1.555B,879.28M,676.17M,,,168.69M,242.64M,,-167.46M,,,,,411.34M,264.83M,,,,-167.46M,,116.85M,34.47M,82.38M,,200.43M,353.98M,89.15M,264.83M,,0.00,,0.1202,0.05,,0.00,,0.1180,2004-01,1.682B,1.735B,,,2004-01,,
2003-10,1.221B,1.221B,726.63M,494.37M,,,148.65M,227.95M,,-113.50M,,,,,376.60M,117.77M,,,,-113.50M,,21.92M,6.465M,15.45M,,95.47M,205.92M,88.16M,117.77M,,0.00,,0.0581,0.01,,0.00,,0.0581,2003-10,1.662B,1.662B,,,2003-10,,
2003-07,1.095B,1.095B,747.98M,346.93M,,,150.43M,217.02M,,-66.18M,,,,,367.45M,-20.52M,,,,-66.18M,,-52.20M,-15.40M,-36.80M,,9.856M,73.96M,94.48M,-20.52M,,0.00,,0.0081,-0.02,,0.00,,0.0081,2003-07,1.659B,1.659B,,,2003-07,,
2003-04,1.107B,1.107B,734.40M,372.77M,,,161.77M,232.44M,,-92.73M,,,,,394.20M,-21.43M,,,,-92.73M,,-88.12M,-26.00M,-62.13M,,3.249M,76.52M,97.95M,-21.43M,,0.00,,-0.0005,-0.04,,0.00,,-0.0005,2003-04,1.656B,1.656B,,,2003-04,,
2003-01,1.054B,1.054B,663.83M,390.38M,,,165.02M,243.20M,,-99.34M,,,,,408.22M,-17.84M,,,,-99.34M,,-93.15M,-27.48M,-65.67M,,4.363M,85.96M,103.80M,-17.84M,,0.00,,0.0024,-0.04,,0.00,,0.0024,2003-01,1.651B,1.651B,,,2003-01,,
2002-10,1.446B,1.446B,843.37M,602.33M,,,194.83M,272.64M,,0.00,,,,,381.99M,220.34M,,,,0.00,,167.80M,20.56M,147.24M,,147.24M,319.46M,99.13M,220.34M,,0.00,,0.09,0.09,,0.00,,0.09,2002-10,1.647B,1.686B,,,2002-10,,
2002-07,1.460B,1.460B,853.54M,606.14M,104.22M,89.55M,193.78M,275.95M,,,,,,,469.73M,136.41M,,,,,,163.44M,48.22M,115.23M,,115.23M,236.11M,99.70M,136.41M,,0.00,,0.07,0.07,,0.00,,0.07,2002-07,1.647B,1.703B,,,2002-07,,
2002-04,1.156B,1.156B,693.73M,462.74M,90.08M,76.42M,166.50M,256.88M,,,,,,,423.38M,39.36M,,,,,,73.80M,21.77M,52.03M,,52.03M,136.20M,96.84M,39.36M,,0.00,,0.03,0.03,,0.00,,0.03,2002-04,1.643B,1.720B,,,2002-04,,
2002-01,1.000B,1.000B,615.01M,385.45M,83.80M,70.04M,153.85M,246.80M,,-85.48M,,,,85.48M,486.12M,-100.67M,,,,-85.48M,,-64.53M,-19.04M,-45.50M,,14.77M,-8.816M,91.86M,-100.67M,,0.00,,0.0068,-0.03,,0.00,,0.0068,2002-01,1.636B,1.636B,,,2002-01,,
2001-10,1.265B,1.265B,795.97M,468.71M,,,206.26M,272.55M,,-148.60M,,,,148.60M,627.40M,-158.70M,,,,-148.60M,,-116.76M,-34.44M,-82.32M,,22.45M,-54.45M,104.24M,-158.70M,,0.005,,0.0092,-0.05,,0.005,,0.0071,2001-10,1.632B,1.686B,,,2001-10,,
2001-07,1.576B,1.576B,920.29M,655.61M,125.98M,114.37M,240.35M,277.33M,,-14.15M,,,,14.15M,531.83M,123.78M,,,,-14.15M,,167.23M,52.28M,114.94M,,124.67M,221.50M,97.72M,123.78M,,0.00,,0.0760,0.07,,0.00,,0.0757,2001-07,1.630B,1.708B,,,2001-07,,
2001-04,2.139B,2.139B,1.154B,984.97M,119.75M,89.76M,209.52M,312.61M,,-58.41M,,,,58.41M,580.54M,404.43M,,,,-58.41M,,445.94M,127.57M,318.38M,,360.08M,497.61M,93.17M,404.43M,,0.00,,0.2257,0.20,,0.00,,0.2146,2001-04,1.623B,1.696B,,,2001-04,,
2001-01,2.363B,2.363B,1.221B,1.143B,143.46M,102.35M,245.81M,336.31M,,,,,,,582.12M,560.63M,,,,,,607.39M,183.17M,424.22M,,424.22M,652.46M,91.83M,560.63M,,-0.165,0.00,0.26,0.095,,-0.165,-0.1650,0.25,2001-01,1.621B,1.690B,,,2001-01,,
2000-10,2.920B,2.920B,1.411B,1.509B,,,276.04M,327.41M,,0.00,,,,-200.79M,402.66M,1.106B,,,,0.00,,948.28M,284.48M,663.80M,,663.80M,1.199B,92.37M,1.106B,,0.00,,0.41,0.41,,0.00,,0.385,2000-10,1.625B,1.722B,,,2000-10,,
2000-07,2.732B,2.732B,1.340B,1.392B,,,261.72M,303.95M,,,,,,,565.66M,826.24M,,,,,,862.54M,258.76M,603.78M,,603.78M,911.80M,85.56M,826.24M,,0.00,,0.375,0.375,,0.00,,0.35,2000-07,1.619B,1.724B,,,2000-07,,
2000-04,2.190B,2.190B,1.092B,1.098B,,,230.47M,253.28M,,28.16M,,,,40.00M,523.75M,573.84M,,,,28.16M,,669.82M,200.94M,468.87M,,449.16M,670.35M,96.51M,573.84M,,0.00,,0.2778,0.29,,0.00,,0.2586,2000-04,1.610B,1.722B,,,2000-04,,
2000-01,1.722B,1.722B,777.33M,944.86M,,,192.53M,223.28M,,,,,,,503.35M,441.51M,,,,,,467.20M,140.10M,327.10M,,327.10M,529.05M,87.54M,441.51M,,0.00,,0.205,0.205,,0.00,,0.195,2000-01,1.596B,1.698B,,,2000-01,,
1999-10,1.803B,1.803B,840.57M,962.23M,,,217.60M,261.61M,,-35.92M,,,,,559.02M,403.21M,,,,-35.92M,,387.24M,133.26M,253.99M,,277.54M,483.02M,79.81M,403.21M,,0.015,,0.1849,0.185,,0.015,,0.1742,1999-10,1.576B,1.663B,,,1999-10,,
1999-07,1.434B,1.434B,667.80M,765.70M,,,187.30M,171.20M,,,,,,,425.60M,340.10M,,,,,,354.20M,109.80M,244.40M,,244.40M,407.20M,60.13M,340.10M,,0.00,,0.165,0.165,,0.00,,0.155,1999-07,1.563B,1.648B,,,1999-07,,
1999-04,1.171B,1.171B,557.57M,613.09M,,,167.14M,179.86M,,-1.182M,,,,,417.79M,195.30M,,,,-1.182M,,206.63M,64.50M,142.13M,1.182M,142.94M,272.97M,77.67M,195.30M,,0.00,,0.0905,0.09,,0.00,,0.0855,1999-04,1.552B,1.640B,,,1999-04,,
1999-01,742.50M,742.50M,350.60M,391.90M,,,132.30M,141.20M,,18.50M,,,,,344.30M,47.60M,,,,18.50M,,80.10M,23.80M,56.30M,-3.50M,43.30M,118.40M,70.80M,47.60M,,-0.005,,0.0312,0.035,,-0.005,,0.0316,1999-01,1.482B,1.553B,,,1999-01,,
1998-10,961.51M,961.51M,229.80M,731.71M,,,163.11M,178.99M,,-272.10M,,,,,635.60M,96.11M,,,,-272.10M,,-161.18M,-42.14M,-118.94M,,82.02M,178.51M,82.40M,96.11M,,-0.015,,0.0341,-0.1175,,-0.015,,0.0138,1998-10,1.471B,1.657B,,,1998-10,,
1998-07,884.50M,884.50M,490.10M,394.40M,,,149.60M,154.00M,,-35.00M,,,,,303.60M,90.80M,,,,-35.00M,,63.40M,15.90M,47.50M,,73.72M,165.30M,74.50M,90.80M,,0.00,,0.0529,0.035,,0.00,,0.0523,1998-07,1.468B,1.512B,,,1998-07,,
