,OperatingRevenue,Revenue,CostofGoodsSold,GrossProfit,SG&AExpense,AmortizationExpense,SpecialIncomeandCharges,OperatingInterestExpense,NetOperatingInterestIncome,OtherOperatingExpenses,TotalOperatingExpenses,OperatingIncome,Non-OperatingInterestExpense,NetNon-OperatingInterestIncomeExpense,OtherIncomeandExpenses,NetInterestIncome,Pre-TaxIncome,ProvisionforIncomeTaxes,IncomefromContinuingOperations,IncomefromDiscontinuedOperations,"ExtraordinaryItems,IncomeStatement",NetIncome,NormalizedIncome,EBITDA,ReconciledDepreciation,BasicEPS(Quarterly),EPSBasicfromContinuingOperations,EPSBasicfromDiscontinuedOperations,EPSBasicfromExtraordinaries,NormalizedBasicEPS,DilutedEPS(Quarterly),EPSDilutedfromContinuingOperations,EPSDilutedfromDiscontinuedOperations,EPSDilutedfromExtraordinaries,NormalizedDilutedEPS,SharesData(Quarterly),AverageBasicSharesOutstanding,AverageDilutedSharesOutstanding,SECFilingLinks,AsOriginallyReported,Restated
2020-09,3.307B,3.307B,1.91B,1.397B,560.00M,48.00M,,52.00M,-52.00M,,608.00M,789.00M,52.00M,-52.00M,2.00M,-52.00M,739.00M,157.00M,582.00M,,,582.00M,582.00M,909.00M,118.00M,2020-09,1.84,,,1.84,2020-09,1.83,,,1.83,2020-09,316.50M,317.90M,2020-09,AOR,
2020-06,2.564B,2.564B,1.594B,970.00M,486.00M,35.00M,,51.00M,-51.00M,,521.00M,449.00M,51.00M,-51.00M,8.00M,-51.00M,406.00M,87.00M,319.00M,,,319.00M,319.00M,557.00M,100.00M,2020-06,1.01,,,1.01,2020-06,1.01,,,1.01,2020-06,316.10M,317.40M,2020-06,AOR,
2020-03,3.228B,3.228B,1.871B,1.357B,560.00M,36.00M,,51.00M,-51.00M,,596.00M,761.00M,51.00M,-51.00M,25.00M,-51.00M,735.00M,169.00M,566.00M,,,566.00M,566.00M,890.00M,104.00M,2020-03,1.78,,,1.78,2020-03,1.77,,,1.77,2020-03,318.30M,319.70M,2020-03,AOR,
2019-12,3.469B,3.469B,2.022B,1.447B,586.00M,37.00M,,51.00M,-22.00M,,623.00M,824.00M,51.00M,-22.00M,29.00M,-22.00M,831.00M,190.00M,641.00M,,,641.00M,641.00M,987.00M,105.00M,2019-12,2.00,,,2.00,2019-12,1.99,,,1.99,2019-12,321.20M,322.60M,2019-12,AOR,
2019-09,3.479B,3.479B,2.007B,1.472B,566.00M,38.00M,,52.00M,-52.00M,,604.00M,868.00M,52.00M,-52.00M,26.00M,-52.00M,842.00M,182.00M,660.00M,,,660.00M,660.00M,998.00M,104.00M,2019-09,2.05,,,2.05,2019-09,2.04,,,2.04,2019-09,322.30M,324.00M,2019-09,AOR,Restated
2019-06,3.609B,3.609B,2.099B,1.51B,598.00M,41.00M,,55.00M,-55.00M,,639.00M,871.00M,55.00M,-55.00M,9.00M,-55.00M,825.00M,202.00M,623.00M,,,623.00M,623.00M,987.00M,107.00M,2019-06,1.92,,,1.92,2019-06,1.91,,,1.91,2019-06,324.80M,326.60M,2019-06,AOR,Restated
2019-03,3.552B,3.552B,2.059B,1.493B,611.00M,43.00M,,63.00M,-63.00M,,654.00M,839.00M,63.00M,-63.00M,14.00M,-63.00M,790.00M,193.00M,597.00M,,,597.00M,597.00M,963.00M,110.00M,2019-03,1.82,,,1.82,2019-03,1.81,,,1.81,2019-03,327.30M,329.60M,2019-03,AOR,Restated
2018-12,3.58B,3.58B,2.096B,1.484B,578.00M,46.00M,,63.00M,-28.00M,,624.00M,860.00M,63.00M,-28.00M,-16.00M,-28.00M,816.00M,209.00M,607.00M,,,607.00M,607.00M,994.00M,115.00M,2018-12,1.84,,,1.84,2018-12,1.83,,,1.83,2018-12,329.90M,331.40M,2018-12,AOR,Restated
2018-09,3.613B,3.613B,2.096B,1.517B,581.00M,47.00M,,64.00M,-64.00M,,628.00M,889.00M,64.00M,-64.00M,10.00M,-64.00M,835.00M,197.00M,638.00M,,,638.00M,638.00M,1.014B,115.00M,2018-09,1.91,,,1.91,2018-09,1.90,,,1.90,2018-09,333.30M,335.30M,2018-09,AOR,Restated
2018-06,3.831B,3.831B,2.231B,1.60B,620.00M,48.00M,,64.00M,-64.00M,,668.00M,932.00M,64.00M,-64.00M,26.00M,-64.00M,894.00M,228.00M,666.00M,,,666.00M,666.00M,1.074B,116.00M,2018-06,1.98,,,1.98,2018-06,1.97,,,1.97,2018-06,336.70M,338.90M,2018-06,AOR,Restated
2018-03,3.744B,3.744B,2.181B,1.563B,612.00M,48.00M,,66.00M,-66.00M,,660.00M,903.00M,66.00M,-66.00M,12.00M,-66.00M,849.00M,197.00M,652.00M,,,652.00M,652.00M,1.03B,115.00M,2018-03,1.92,,,1.92,2018-03,1.90,,,1.90,2018-03,340.20M,342.80M,2018-03,AOR,Restated
2017-12,3.629B,3.629B,2.124B,1.505B,609.00M,50.00M,1.00M,66.00M,-21.00M,,659.00M,846.00M,66.00M,-21.00M,-29.00M,-21.00M,796.00M,872.00M,-76.00M,,,-76.00M,-76.60M,980.00M,118.00M,2017-12,-0.22,,,-0.2218,2017-12,-0.22,,,-0.2217,2017-12,342.30M,344.70M,2017-12,AOR,Restated
2017-09,3.615B,3.615B,2.092B,1.523B,592.00M,51.00M,80.00M,65.00M,-65.00M,,643.00M,880.00M,65.00M,-65.00M,91.00M,-65.00M,906.00M,266.00M,640.00M,,,640.00M,583.44M,1.087B,116.00M,2017-09,1.86,,,1.695,2017-09,1.85,,,1.687,2017-09,343.40M,346.00M,2017-09,AOR,Restated
2017-06,3.599B,3.599B,2.087B,1.512B,603.00M,52.00M,15.00M,65.00M,-65.00M,,655.00M,857.00M,65.00M,-65.00M,27.00M,-65.00M,819.00M,232.00M,587.00M,,,587.00M,576.26M,998.00M,114.00M,2017-06,1.70,,,1.669,2017-06,1.69,,,1.659,2017-06,344.70M,347.50M,2017-06,AOR,Restated
2017-03,3.471B,3.471B,2.003B,1.468B,608.00M,53.00M,,64.00M,-64.00M,,661.00M,807.00M,64.00M,-64.00M,6.00M,-64.00M,749.00M,213.00M,536.00M,,,536.00M,536.00M,927.00M,114.00M,2017-03,1.55,,,1.55,2017-03,1.54,,,1.54,2017-03,346.20M,349.00M,2017-03,AOR,Restated
2016-12,3.399B,3.399B,2.018B,1.381B,593.00M,54.00M,-12.00M,63.00M,-25.00M,,647.00M,734.00M,63.00M,-25.00M,17.00M,-25.00M,726.00M,219.00M,507.00M,,,507.00M,515.38M,907.00M,118.00M,2016-12,1.46,,,1.484,2016-12,1.45,,,1.474,2016-12,348.10M,350.50M,2016-12,AOR,Restated
2016-09,3.495B,3.495B,2.027B,1.468B,604.00M,56.00M,0.00,58.00M,-58.00M,,660.00M,808.00M,58.00M,-58.00M,13.00M,-58.00M,763.00M,228.00M,535.00M,,,535.00M,535.00M,941.00M,120.00M,2016-09,1.51,,,1.51,2016-09,1.50,,,1.50,2016-09,353.50M,355.50M,2016-09,AOR,Restated
2016-06,3.431B,3.431B,1.967B,1.464B,617.00M,55.00M,,58.00M,-58.00M,,672.00M,792.00M,58.00M,-58.00M,17.00M,-58.00M,751.00M,226.00M,525.00M,,,525.00M,525.00M,924.00M,115.00M,2016-06,1.47,,,1.47,2016-06,1.46,,,1.46,2016-06,356.60M,358.50M,2016-06,AOR,Restated
2016-03,3.274B,3.274B,1.896B,1.378B,597.00M,59.00M,,58.00M,-58.00M,,656.00M,722.00M,58.00M,-58.00M,4.00M,-58.00M,668.00M,200.00M,468.00M,,,468.00M,468.00M,843.00M,117.00M,2016-03,1.29,,,1.29,2016-03,1.29,,,1.29,2016-03,362.00M,363.90M,2016-03,AOR,Restated
2015-12,3.275B,3.275B,1.941B,1.334B,598.00M,57.00M,,58.00M,-6.00M,,655.00M,679.00M,58.00M,-6.00M,-39.00M,-6.00M,634.00M,184.00M,450.00M,,,450.00M,450.00M,813.00M,121.00M,2015-12,1.24,0.00,,1.24,2015-12,1.23,0.00,,1.23,2015-12,363.70M,365.60M,2015-12,AOR,Restated
2015-09,3.354B,3.354B,1.953B,1.401B,581.00M,59.00M,,59.00M,-59.00M,,640.00M,761.00M,59.00M,-59.00M,23.00M,-59.00M,725.00M,214.00M,511.00M,,,511.00M,511.00M,904.00M,120.00M,2015-09,1.40,,,1.40,2015-09,1.39,,,1.39,2015-09,365.10M,367.10M,2015-09,AOR,Restated
2015-06,3.434B,3.434B,2.024B,1.41B,622.00M,58.00M,,55.00M,-55.00M,,680.00M,730.00M,55.00M,-55.00M,21.00M,-55.00M,696.00M,216.00M,480.00M,,,480.00M,480.00M,869.00M,118.00M,2015-06,1.31,,,1.31,2015-06,1.30,,,1.30,2015-06,366.20M,368.40M,2015-06,AOR,Restated
2015-03,3.342B,3.342B,1.97B,1.372B,616.00M,59.00M,,54.00M,-54.00M,,675.00M,697.00M,54.00M,-54.00M,21.00M,-54.00M,664.00M,206.00M,458.00M,,,458.00M,458.00M,836.00M,118.00M,2015-03,1.22,,,1.22,2015-03,1.21,,,1.21,2015-03,376.60M,379.20M,2015-03,AOR,Restated
2014-12,3.504B,3.504B,2.114B,1.39B,644.00M,63.00M,-3.00M,54.00M,11.00M,,707.00M,683.00M,54.00M,11.00M,-37.00M,11.00M,657.00M,196.00M,461.00M,-11.00M,,450.00M,463.11M,831.00M,120.00M,2014-12,1.19,-0.02,,1.195,2014-12,1.18,-0.02,,1.185,2014-12,386.40M,389.30M,2014-12,AOR,Restated
2014-09,3.692B,3.692B,2.182B,1.51B,675.00M,60.00M,-3.00M,68.00M,-68.00M,,735.00M,775.00M,68.00M,-68.00M,17.00M,-68.00M,724.00M,217.00M,507.00M,24.00M,,531.00M,509.10M,920.00M,128.00M,2014-09,1.29,0.06,,1.295,2014-09,1.28,0.06,,1.285,2014-09,394.00M,396.80M,2014-09,AOR,Restated
2014-06,3.719B,3.719B,2.219B,1.50B,677.00M,60.00M,,64.00M,-64.00M,,737.00M,763.00M,64.00M,-64.00M,7.00M,-64.00M,706.00M,212.00M,494.00M,998.00M,,1.492B,494.00M,899.00M,129.00M,2014-06,1.22,2.47,,1.22,2014-06,1.21,2.45,,1.21,2014-06,404.70M,407.60M,2014-06,AOR,Restated
2014-03,3.569B,3.569B,2.158B,1.411B,682.00M,62.00M,,64.00M,-64.00M,,744.00M,667.00M,64.00M,-64.00M,9.00M,-64.00M,612.00M,184.00M,428.00M,45.00M,,473.00M,428.00M,806.00M,130.00M,2014-03,1.01,0.11,,1.01,2014-03,1.01,0.11,,1.01,2014-03,421.90M,425.00M,2014-03,AOR,Restated
2013-12,3.554B,3.554B,2.173B,1.381B,689.00M,64.00M,25.00M,60.00M,-10.00M,,753.00M,628.00M,60.00M,-10.00M,-45.00M,-10.00M,573.00M,166.00M,407.00M,1.00M,,408.00M,389.24M,767.00M,134.00M,2013-12,0.93,0.00,,0.8894,2013-12,0.92,0.00,,0.8797,2013-12,437.80M,440.90M,2013-12,AOR,Restated
2013-09,3.568B,3.568B,2.148B,1.42B,676.00M,64.00M,-2.00M,60.00M,-60.00M,,740.00M,680.00M,60.00M,-60.00M,8.00M,-60.00M,628.00M,222.00M,406.00M,46.00M,,452.00M,407.29M,835.00M,147.00M,2013-09,0.91,0.10,,0.9129,2013-09,0.90,0.10,,0.9029,2013-09,445.90M,448.90M,2013-09,AOR,Restated
2013-06,3.593B,3.593B,2.155B,1.438B,747.00M,61.00M,,59.00M,-59.00M,,808.00M,630.00M,59.00M,-59.00M,10.00M,-59.00M,581.00M,165.00M,416.00M,49.00M,,465.00M,416.00M,784.00M,144.00M,2013-06,0.93,0.11,,0.93,2013-06,0.92,0.11,,0.92,2013-06,449.60M,452.50M,2013-06,AOR,Restated
2013-03,3.42B,3.42B,2.078B,1.342B,703.00M,61.00M,0.00,60.00M,-60.00M,,764.00M,578.00M,60.00M,-60.00M,47.00M,-60.00M,565.00M,164.00M,401.00M,-47.00M,,354.00M,401.00M,813.00M,188.00M,2013-03,0.89,-0.10,,0.89,2013-03,0.88,-0.10,,0.88,2013-03,451.70M,454.80M,2013-03,AOR,Restated
2012-12,3.484B,3.484B,2.177B,1.307B,721.00M,62.00M,931.00M,61.00M,-23.00M,,783.00M,524.00M,61.00M,-23.00M,875.00M,-23.00M,1.376B,455.00M,921.00M,58.00M,,979.00M,297.85M,1.589B,152.00M,2012-12,2.12,0.01,,0.7642,2012-12,2.10,0.01,,0.7541,2012-12,459.60M,463.00M,2012-12,AOR,Restated
2012-09,3.733B,3.733B,2.289B,1.444B,713.00M,62.00M,-2.00M,52.00M,-52.00M,,775.00M,669.00M,52.00M,-52.00M,-1.00M,-52.00M,616.00M,171.00M,445.00M,79.00M,,524.00M,446.44M,820.00M,152.00M,2012-09,0.96,0.17,,0.9631,2012-09,0.95,0.17,,0.9531,2012-09,464.80M,468.10M,2012-09,AOR,Restated
2012-06,4.463B,4.463B,2.814B,1.649B,819.00M,72.00M,,50.00M,-50.00M,,891.00M,758.00M,50.00M,-50.00M,24.00M,-50.00M,732.00M,213.00M,519.00M,362.00M,,881.00M,519.00M,938.00M,156.00M,2012-06,1.10,0.76,,1.10,2012-06,1.09,0.76,,1.09,2012-06,472.90M,476.10M,2012-06,AOR,Restated
2012-03,4.358B,4.358B,2.763B,1.595B,832.00M,69.00M,,50.00M,-50.00M,,901.00M,694.00M,50.00M,-50.00M,8.00M,-50.00M,652.00M,188.00M,464.00M,22.00M,,486.00M,464.00M,855.00M,153.00M,2012-03,0.96,0.05,,0.96,2012-03,0.95,0.05,,0.95,2012-03,482.00M,485.60M,2012-03,AOR,Restated
2011-12,1.048B,1.048B,369.00M,679.00M,369.00M,33.00M,-44.00M,53.00M,-15.00M,,402.00M,277.00M,53.00M,-15.00M,-31.00M,-15.00M,231.00M,36.00M,195.00M,247.00M,,442.00M,232.14M,437.00M,153.00M,2011-12,0.90,0.01,,0.9769,2011-12,0.90,0.01,,0.9766,2011-12,483.00M,484.70M,2011-12,AOR,Restated
2011-09,4.58B,4.58B,2.962B,1.618B,836.00M,68.00M,25.00M,49.00M,-49.00M,,904.00M,714.00M,49.00M,-49.00M,25.00M,-49.00M,690.00M,200.00M,490.00M,17.00M,,507.00M,472.25M,893.00M,154.00M,2011-09,1.01,0.04,,0.9735,2011-09,1.00,0.04,,0.9637,2011-09,486.30M,488.80M,2011-09,AOR,Restated
2011-06,4.615B,4.615B,2.996B,1.619B,845.00M,63.00M,15.00M,45.00M,-45.00M,,908.00M,711.00M,45.00M,-45.00M,15.00M,-45.00M,681.00M,197.00M,484.00M,15.00M,,499.00M,473.34M,874.00M,148.00M,2011-06,0.97,0.03,,0.9486,2011-06,0.96,0.03,,0.9388,2011-06,497.80M,501.90M,2011-06,AOR,Restated
2011-03,4.272B,4.272B,2.762B,1.51B,796.00M,55.00M,6.00M,44.00M,-44.00M,,851.00M,659.00M,44.00M,-44.00M,6.00M,-44.00M,621.00M,15.00M,606.00M,17.00M,,623.00M,600.14M,804.00M,139.00M,2011-03,1.22,0.03,,1.208,2011-03,1.21,0.03,,1.198,2011-03,498.60M,502.70M,2011-03,AOR,Restated
2010-12,3.914B,3.914B,2.606B,1.308B,772.73M,52.30M,-15.04M,43.95M,-19.95M,,825.03M,482.56M,43.95M,-19.95M,-21.04M,-19.95M,441.57M,113.72M,327.86M,7.853M,,335.71M,339.02M,625.30M,139.78M,2010-12,0.79,0.00,,0.8125,2010-12,0.79,0.00,,0.8124,2010-12,496.78M,499.13M,2010-12,AOR,Restated
2010-09,3.941B,3.941B,2.548B,1.393B,720.78M,51.17M,-0.045M,43.49M,-43.49M,,771.94M,620.73M,43.49M,-43.49M,-0.045M,-43.49M,577.20M,174.14M,403.05M,18.97M,,422.03M,403.09M,757.14M,136.46M,2010-09,0.80,0.04,,0.8001,2010-09,0.80,0.04,,0.8001,2010-09,500.75M,503.15M,2010-09,AOR,Restated
2010-06,3.928B,3.928B,2.514B,1.414B,735.85M,51.95M,2.207M,43.27M,-43.27M,,787.80M,626.04M,43.27M,-43.27M,2.207M,-43.27M,584.97M,185.18M,399.79M,11.66M,,411.46M,398.28M,764.67M,136.43M,2010-06,0.79,0.02,,0.7870,2010-06,0.79,0.02,,0.7870,2010-06,503.26M,506.30M,2010-06,AOR,Restated
2010-03,3.738B,3.738B,2.389B,1.348B,753.92M,52.93M,4.637M,44.37M,-44.37M,,806.86M,541.54M,44.37M,-44.37M,4.637M,-44.37M,501.80M,168.00M,333.80M,,,333.80M,330.72M,682.51M,136.33M,2010-03,0.66,0.00,,0.6539,2010-03,0.66,0.00,,0.6539,2010-03,502.42M,505.01M,2010-03,AOR,Restated
2009-12,3.757B,3.757B,2.429B,1.329B,797.84M,51.17M,2.12M,43.85M,-43.85M,,849.01M,479.83M,43.85M,-43.85M,2.12M,-43.85M,438.10M,-57.50M,495.60M,11.80M,,507.40M,494.22M,630.48M,148.53M,2009-12,0.99,0.03,,0.9873,2009-12,0.98,0.03,,0.9773,2009-12,501.80M,504.13M,2009-12,AOR,Restated
2009-09,3.580B,3.580B,2.315B,1.265B,720.04M,49.54M,-0.861M,45.67M,-45.67M,,769.58M,495.60M,45.67M,-45.67M,-0.861M,-45.67M,449.06M,146.10M,302.96M,-0.546M,,302.42M,303.54M,645.98M,151.24M,2009-09,0.61,0.00,,0.6112,2009-09,0.60,0.00,,0.6012,2009-09,500.31M,502.19M,2009-09,AOR,Restated
2009-06,3.393B,3.393B,2.248B,1.145B,757.87M,51.95M,-19.84M,43.89M,-43.89M,,809.82M,334.84M,43.89M,-43.89M,-19.84M,-43.89M,271.11M,92.17M,178.94M,-2.378M,,176.56M,192.04M,468.04M,153.04M,2009-06,0.36,0.00,,0.3862,2009-06,0.36,0.00,,0.3861,2009-06,499.39M,500.88M,2009-06,AOR,Restated
2009-03,3.146B,3.146B,2.153B,993.55M,761.69M,50.57M,-94.34M,31.44M,-31.44M,,812.26M,181.29M,31.44M,-31.44M,-94.34M,-31.44M,55.52M,63.53M,-8.016M,-31.36M,,-39.37M,53.30M,309.06M,222.11M,2009-03,-0.02,-0.06,,0.1028,2009-03,-0.02,-0.06,,0.1028,2009-03,499.19M,499.19M,2009-03,AOR,Restated
2008-12,4.909B,4.909B,3.327B,1.583B,953.34M,50.58M,-16.92M,,,,1.004B,578.74M,,,-16.92M,,519.48M,138.34M,381.14M,-147.36M,,233.77M,393.55M,716.36M,134.49M,2008-12,0.75,-0.28,,0.7744,2008-12,0.75,-0.28,,0.7744,2008-12,508.78M,508.78M,2008-12,,Restated
2008-09,4.148B,4.148B,2.699B,1.448B,759.14M,50.38M,15.90M,,,,809.53M,638.96M,,,15.90M,,616.69M,173.40M,443.29M,10.23M,,453.52M,431.86M,820.98M,182.01M,2008-09,0.86,0.02,,0.8379,2008-09,0.85,0.02,,0.8281,2008-09,517.91M,521.09M,2008-09,,
2008-06,4.556B,4.556B,2.941B,1.614B,814.96M,42.30M,24.29M,36.59M,-36.59M,,857.26M,757.16M,36.59M,-36.59M,24.29M,-36.59M,744.86M,216.16M,528.70M,-0.614M,,528.09M,511.46M,925.27M,143.82M,2008-06,1.01,0.00,,0.9769,2008-06,1.01,0.00,,0.9772,2008-06,521.49M,525.21M,2008-06,,Restated
2008-03,4.139B,4.139B,2.698B,1.441B,780.46M,42.44M,-119.99M,,,98.59M,921.49M,519.96M,,,-119.99M,,461.08M,159.70M,301.38M,2.246M,,303.62M,379.80M,751.54M,231.58M,2008-03,0.57,0.00,,0.7190,2008-03,0.57,0.00,,0.7181,2008-03,526.30M,529.72M,2008-03,,
2007-12,3.908B,3.908B,2.519B,1.389B,536.79M,38.89M,-15.21M,,,,770.76M,618.71M,,,-15.21M,,596.68M,153.15M,443.53M,27.20M,,470.73M,454.83M,760.66M,141.95M,2007-12,0.82,0.05,,0.8409,2007-12,0.81,0.05,,0.8308,2007-12,539.77M,544.27M,2007-12,,
2007-09,3.744B,3.744B,2.390B,1.355B,669.56M,35.76M,23.02M,,,,705.32M,649.56M,,,23.02M,,646.80M,182.70M,464.10M,26.99M,,491.09M,447.58M,777.60M,128.04M,2007-09,0.84,0.05,,0.8099,2007-09,0.84,0.05,,0.8102,2007-09,549.56M,554.26M,2007-09,,
2007-06,4.160B,4.160B,2.676B,1.484B,745.72M,39.78M,44.14M,,,,785.50M,698.68M,,,44.14M,,717.21M,211.60M,505.61M,25.17M,,530.78M,474.49M,828.26M,129.58M,2007-06,0.86,0.05,,0.8041,2007-06,0.86,0.04,,0.8046,2007-06,556.79M,561.24M,2007-06,,
2007-03,3.717B,3.717B,2.413B,1.304B,694.98M,38.02M,12.90M,,,2.154M,735.15M,568.48M,,,12.90M,,559.15M,174.14M,385.01M,17.42M,,402.44M,376.13M,693.65M,125.18M,2007-03,0.69,0.03,,0.6741,2007-03,0.68,0.03,,0.6642,2007-03,559.00M,563.28M,2007-03,,
2006-12,2.370B,2.370B,1.477B,892.50M,332.28M,35.40M,-10.73M,,,,511.06M,381.44M,,,-10.73M,,374.15M,85.57M,288.58M,,,439.27M,296.86M,507.43M,125.99M,2006-12,0.71,0.07,,0.7247,2006-12,0.71,0.07,,0.7244,2006-12,561.85M,573.15M,2006-12,,
2006-09,3.538B,3.538B,2.292B,1.246B,593.72M,25.24M,35.83M,,,,618.96M,626.87M,,,35.83M,,641.89M,195.80M,446.09M,,,446.09M,421.19M,733.28M,106.42M,2006-09,0.79,0.00,,0.7461,2006-09,0.78,0.00,,0.7364,2006-09,567.64M,570.93M,2006-09,,
2006-06,3.579B,3.579B,2.293B,1.287B,602.22M,24.66M,25.70M,,,,626.88M,659.76M,,,25.70M,,666.45M,200.60M,465.85M,,,465.85M,447.89M,761.52M,101.75M,2006-06,0.82,0.00,,0.7883,2006-06,0.81,0.00,,0.7786,2006-06,567.45M,571.95M,2006-06,,
2006-03,3.297B,3.297B,2.120B,1.177B,601.42M,35.97M,10.16M,,,,637.39M,539.97M,,,10.16M,,531.23M,164.70M,366.53M,,,366.53M,359.52M,649.71M,109.74M,2006-03,0.325,0.00,,0.3188,2006-03,0.325,0.00,,0.3188,2006-03,1.128B,1.135B,2006-03,,
2005-12,3.252B,3.252B,2.100B,1.152B,568.54M,26.87M,40.38M,,,,595.41M,557.08M,,,40.38M,,572.38M,171.80M,400.58M,,,400.58M,372.32M,657.74M,100.66M,2005-12,0.7132,,,0.6629,2005-12,0.7132,,,0.6629,2005-12,561.63M,561.63M,2005-12,,
2005-09,3.200B,3.200B,2.078B,1.122B,541.41M,15.77M,55.45M,,,,557.18M,565.22M,,,55.45M,,600.20M,192.00M,408.20M,,,408.20M,370.49M,659.20M,93.98M,2005-09,0.36,0.00,,0.3267,2005-09,0.36,0.00,,0.3269,2005-09,1.131B,1.140B,2005-09,,
2005-06,3.286B,3.286B,2.154B,1.132B,557.06M,15.21M,6.827M,,,-5.04B,-4.468B,5.600B,,,6.827M,,546.38M,172.60M,373.78M,,,373.78M,369.11M,5.690B,89.81M,2005-06,0.325,0.00,,0.3209,2005-06,0.32,0.00,,0.3160,2005-06,1.152B,1.160B,2005-06,,
2005-03,3.074B,3.074B,2.022B,1.052B,548.08M,25.99M,3.444M,,,,574.06M,477.89M,,,3.444M,,462.61M,150.30M,312.31M,,,312.31M,309.98M,576.52M,98.63M,2005-03,0.535,0.00,,0.5310,2005-03,0.53,0.00,,0.5260,2005-03,582.79M,587.20M,2005-03,,
2004-12,2.903B,2.903B,1.961B,942.10M,528.96M,11.43M,136.34M,,,,540.39M,401.71M,,,136.34M,,513.88M,154.70M,359.18M,-1.082M,,358.10M,263.88M,499.15M,97.44M,2004-12,-0.50,0.00,,-0.6561,2004-12,-0.50,0.00,,-0.6549,2004-12,610.44M,615.31M,2004-12,,
2004-09,2.967B,2.967B,1.935B,1.032B,509.48M,10.62M,6.325M,,,,520.10M,512.24M,,,6.325M,,500.05M,170.00M,330.05M,,,330.05M,325.88M,602.56M,90.33M,2004-09,0.55,0.00,,0.5431,2004-09,0.545,0.00,,0.5381,2004-09,602.78M,607.93M,2004-09,,
2004-06,3.002B,3.002B,1.930B,1.072B,502.88M,8.052M,3.505M,,,,510.93M,561.54M,,,3.505M,,546.05M,185.70M,360.35M,,,360.35M,358.04M,659.55M,98.02M,2004-06,0.585,0.00,,0.5812,2004-06,0.58,0.00,,0.5763,2004-06,616.17M,621.28M,2004-06,,
2004-03,2.710B,2.710B,1.750B,960.01M,483.34M,29.02M,7.665M,,,,512.36M,447.64M,,,7.665M,,439.42M,149.40M,290.02M,0.171M,,290.20M,284.97M,547.65M,100.01M,2004-03,0.47,0.00,,0.4618,2004-03,0.465,0.00,,0.4569,2004-03,616.64M,620.82M,2004-03,,
2003-12,2.626B,2.626B,1.720B,905.51M,468.50M,5.301M,-22.69M,,,,473.80M,431.72M,,,-22.69M,,417.21M,130.30M,286.91M,-3.612M,,283.30M,302.51M,511.03M,79.32M,2003-12,0.47,-0.005,,0.4952,2003-12,0.465,-0.005,,0.4902,2003-12,618.11M,618.11M,2003-12,,
2003-09,2.532B,2.532B,1.634B,897.83M,466.34M,4.818M,4.526M,,,,471.15M,426.68M,,,4.526M,,415.08M,145.30M,269.78M,-0.874M,,268.90M,266.83M,501.07M,74.40M,2003-09,0.44,0.00,,0.4352,2003-09,0.435,0.00,,0.4302,2003-09,614.28M,617.99M,2003-09,,
2003-06,2.564B,2.564B,1.659B,904.59M,445.68M,4.847M,2.007M,,,,450.52M,454.07M,,,2.007M,,436.94M,152.90M,284.04M,-7.941M,,276.10M,282.74M,529.72M,75.66M,2003-06,0.465,-0.015,,0.4629,2003-06,0.46,-0.015,,0.4579,2003-06,613.58M,616.42M,2003-06,,
2003-03,2.314B,2.314B,1.514B,800.00M,469.69M,9.31M,3.316M,,,,479.00M,321.00M,,,3.316M,,306.88M,107.40M,199.48M,-4.107M,,195.38M,197.33M,398.18M,77.18M,2003-03,0.325,-0.005,,0.3215,2003-03,0.325,-0.005,,0.3215,2003-03,613.24M,615.54M,2003-03,,
2002-12,2.427B,2.427B,1.601B,826.30M,443.59M,12.79M,-1.366M,,,,456.37M,369.93M,,,-1.366M,,350.68M,122.75M,227.93M,-4.945M,0.00,222.99M,228.82M,447.58M,77.65M,2002-12,0.37,0.355,0.00,0.3715,2002-12,0.37,0.355,-0.0003,0.3714,2002-12,610.40M,619.29M,2002-12,,
2002-09,2.401B,2.401B,1.562B,839.49M,437.53M,5.028M,-6.524M,,,,442.55M,396.94M,,,-6.524M,,375.76M,131.50M,244.26M,1.276M,,245.54M,248.50M,473.97M,77.03M,2002-09,0.40,0.00,,0.4069,2002-09,0.395,0.00,,0.4019,2002-09,612.82M,615.79M,2002-09,,
2002-06,2.435B,2.435B,1.576B,858.62M,424.37M,5.246M,2.058M,,,,429.61M,429.01M,,,2.058M,,412.64M,147.40M,265.24M,2.266M,,267.51M,263.92M,503.72M,74.71M,2002-06,0.435,0.00,,0.4328,2002-06,0.43,0.00,,0.4279,2002-06,612.61M,616.88M,2002-06,,
2002-03,2.205B,2.205B,1.475B,729.54M,414.76M,4.872M,2.076M,,,,419.64M,309.90M,,,2.076M,,294.47M,100.10M,194.37M,4.075M,-221.89M,-23.44M,193.00M,386.26M,76.36M,2002-03,0.32,-0.36,0.00,0.3177,2002-03,0.315,-0.36,-0.3786,0.3127,2002-03,586.08M,586.08M,2002-03,,
2001-12,2.278B,2.188B,1.531B,657.50M,414.82M,27.37M,-4.723M,,,,352.20M,305.31M,,,-4.723M,,285.85M,98.14M,187.71M,3.361M,,191.07M,190.81M,383.32M,78.01M,2001-12,0.3075,0.0055,,0.3126,2001-12,0.3075,0.0055,,0.3126,2001-12,610.34M,610.34M,2001-12,,
2001-09,2.301B,2.301B,1.528B,773.31M,420.83M,27.82M,-2.915M,,,,448.66M,324.65M,,,-2.915M,,303.95M,106.07M,197.88M,1.174M,,199.06M,199.78M,426.39M,101.74M,2001-09,0.1625,0.00,,0.1641,2001-09,0.1625,0.00,,0.1640,2001-09,1.218B,1.226B,2001-09,,
2001-06,2.418B,2.418B,1.595B,822.25M,416.90M,25.48M,-1.858M,,,,442.38M,379.87M,,,-1.858M,,360.68M,126.22M,234.46M,-1.682M,,232.78M,235.67M,484.39M,104.52M,2001-06,0.1925,-0.0025,,0.1935,2001-06,0.19,-0.0025,,0.1910,2001-06,1.217B,1.226B,2001-06,,
2001-03,2.397B,2.397B,1.613B,783.79M,461.77M,24.54M,2.39M,,,,486.31M,297.48M,,,2.39M,,281.16M,98.40M,182.76M,,,182.76M,181.20M,399.52M,102.04M,2001-03,0.30,0.00,,0.2974,2001-03,0.30,0.00,,0.2975,2001-03,606.30M,611.46M,2001-03,,
2000-12,2.529B,2.529B,1.590B,938.86M,486.43M,,-8.172M,,,,614.49M,324.37M,,,-8.172M,,296.19M,94.70M,201.49M,,,201.49M,207.05M,452.42M,128.06M,2000-12,0.335,0.00,,0.3442,2000-12,0.33,0.00,,0.3392,2000-12,601.82M,607.08M,2000-12,,
2000-09,2.472B,2.472B,1.524B,948.52M,416.95M,,-3.111M,,,,514.26M,434.26M,,,-3.111M,,412.58M,148.50M,264.08M,,,264.08M,266.08M,531.58M,97.15M,2000-09,0.435,0.00,,0.4383,2000-09,0.435,0.00,,0.4383,2000-09,603.71M,608.95M,2000-09,,
2000-06,2.577B,2.577B,1.576B,1.001B,455.90M,,-1.806M,,,,554.88M,446.50M,,,-1.806M,,426.97M,153.70M,273.27M,,,273.27M,274.43M,545.48M,98.98M,2000-06,0.455,0.00,,0.4569,2000-06,0.45,0.00,,0.4519,2000-06,603.03M,608.97M,2000-06,,
2000-03,2.405B,2.405B,1.503B,901.66M,454.17M,,0.209M,,,,543.36M,358.30M,,,0.209M,,342.43M,123.30M,219.13M,,,219.13M,219.00M,447.49M,89.19M,2000-03,0.365,0.00,,0.3648,2000-03,0.36,0.00,,0.3598,2000-03,601.49M,608.04M,2000-03,,
1999-12,2.487B,2.487B,1.536B,951.00M,461.00M,,-77.30M,,,,545.20M,405.80M,,,-77.30M,,310.90M,130.90M,180.00M,,,180.00M,226.38M,490.00M,84.20M,1999-12,0.29,0.01,,0.3669,1999-12,0.285,0.01,,0.3611,1999-12,602.87M,609.64M,1999-12,,
1999-09,2.326B,2.326B,1.466B,859.90M,413.00M,,0.167M,,,,477.90M,382.00M,,,0.167M,,364.23M,131.33M,232.90M,,,232.90M,232.79M,470.26M,88.26M,1999-09,0.39,0.00,,0.3898,1999-09,0.38,0.00,,0.3798,1999-09,600.29M,609.68M,1999-09,,
1999-06,2.363B,2.363B,1.473B,890.00M,432.20M,,3.581M,,,,495.90M,394.09M,,,3.581M,,379.85M,140.13M,239.72M,,,239.72M,237.46M,481.54M,87.44M,1999-06,0.40,0.00,,0.3962,1999-06,0.395,0.00,,0.3913,1999-06,599.94M,609.41M,1999-06,,
1999-03,2.157B,2.157B,1.345B,811.66M,423.77M,,7.479M,,,,507.16M,304.50M,,,7.479M,,297.72M,109.29M,188.43M,,,188.43M,183.70M,387.89M,83.40M,1999-03,0.1575,0.00,,0.1480,1999-03,0.155,0.00,,0.1456,1999-03,500.93M,500.93M,1999-03,,
1998-12,4.248B,4.248B,2.688B,1.560B,896.90M,,5.40M,,,,1.034B,526.20M,,,5.40M,,511.20M,190.00M,321.20M,,,321.20M,317.81M,663.60M,137.40M,1998-12,0.6421,,,0.6353,1998-12,0.6421,,,0.6353,1998-12,500.26M,500.26M,1998-12,,
1998-09,1.377B,1.377B,849.80M,527.40M,211.00M,,-2.80M,,,,262.80M,264.60M,,,-2.80M,,258.10M,94.20M,163.90M,,,163.90M,165.68M,316.40M,51.80M,1998-09,0.165,0.00,,0.1686,1998-09,0.1625,0.00,,0.1661,1998-09,500.13M,500.13M,1998-09,,
1998-06,1.420B,1.420B,869.20M,551.30M,213.70M,,-4.30M,,,,267.60M,283.70M,,,-4.30M,,277.10M,101.10M,176.00M,,,176.00M,178.73M,337.60M,53.90M,1998-06,0.175,0.00,,0.1805,1998-06,0.175,0.00,,0.1805,1998-06,499.93M,499.93M,1998-06,,
