,OperatingRevenue,Revenue,CostofGoodsSold,GrossProfit,GeneralandAdministrativeExpense,SG&AExpense,ResearchandDevelopmentExpense,AmortizationExpense,InvestmentWriteOff,SpecialIncomeandCharges,OperatingInterestExpense,OperatingInterestIncome,NetOperatingInterestIncome,OtherOperatingExpenses,TotalOperatingExpenses,OperatingIncome,Non-OperatingInterestIncome,Non-OperatingInterestExpense,NetNon-OperatingInterestIncomeExpense,OtherIncomeandExpenses,NetInterestIncome,Pre-TaxIncome,ProvisionforIncomeTaxes,IncomefromContinuingOperations,IncomefromDiscontinuedOperations,NormalizedIncome,EBITDA,ReconciledDepreciation,EBIT,,EPSBasicfromDiscontinuedOperations,NormalizedBasicEPS,EPSBasic,,DilutedEPS(Quarterly),NormalizedDilutedEPS,EPSDiluted,,AverageDilutedSharesOutstanding,DividendPerShare,,SECFilingLinks,AsOriginallyReported,Restated
2020-09,1.868B,1.868B,959.00M,909.00M,313.00M,313.00M,175.00M,54.00M,0.00,-71.00M,60.00M,2.00M,-58.00M,,542.00M,367.00M,2.00M,60.00M,-58.00M,-58.00M,-58.00M,251.00M,45.00M,206.00M,,268.14M,414.00M,103.00M,311.00M,,,1.582,1.21,,2020-09,1.544,1.18,,173.50M,0.64,,2020-09,AOR,
2020-06,1.618B,1.618B,852.00M,766.00M,297.00M,297.00M,161.00M,51.00M,0.00,-39.00M,60.00M,2.00M,-58.00M,,509.00M,257.00M,2.00M,60.00M,-58.00M,-23.00M,-58.00M,176.00M,40.00M,136.00M,,171.96M,334.00M,98.00M,236.00M,,,1.007,0.79,,2020-06,0.9929,0.78,,173.60M,0.64,,2020-06,AOR,
2020-03,1.655B,1.655B,868.00M,787.00M,341.00M,341.00M,168.00M,53.00M,0.00,34.00M,55.00M,3.00M,-52.00M,,562.00M,225.00M,3.00M,55.00M,-52.00M,51.00M,-52.00M,224.00M,26.00M,198.00M,,165.32M,378.00M,99.00M,279.00M,,,0.9643,1.15,,2020-03,0.9399,1.12,,175.90M,0.64,,2020-03,AOR,
2019-12,2.376B,2.376B,1.156B,1.22B,368.00M,368.00M,182.00M,54.00M,2.00M,-386.00M,59.00M,4.00M,-55.00M,,605.00M,615.00M,4.00M,59.00M,-55.00M,-367.00M,-55.00M,193.00M,-50.00M,243.00M,,529.16M,356.00M,104.00M,252.00M,,,3.108,1.43,,2019-12,3.022,1.39,,175.30M,0.64,,2019-12,AOR,
2019-09,1.994B,1.994B,987.00M,1.007B,359.00M,359.00M,172.00M,52.00M,5.00M,-19.00M,60.00M,6.00M,-54.00M,,583.00M,424.00M,6.00M,60.00M,-54.00M,-22.00M,-54.00M,348.00M,80.00M,268.00M,,286.25M,507.00M,99.00M,408.00M,,,1.715,1.60,,2019-09,1.619,1.51,,176.40M,0.57,,2019-09,AOR,Restated
2019-06,1.86B,1.86B,929.00M,931.00M,351.00M,351.00M,170.00M,52.00M,3.00M,-55.00M,59.00M,3.00M,-56.00M,,573.00M,358.00M,3.00M,59.00M,-56.00M,-27.00M,-56.00M,275.00M,67.00M,208.00M,,254.12M,430.00M,96.00M,334.00M,,,1.536,1.25,,2019-06,1.448,1.18,,176.10M,0.57,,2019-06,AOR,Restated
2019-03,1.657B,1.657B,884.00M,773.00M,327.00M,327.00M,162.00M,50.00M,8.00M,-13.00M,60.00M,5.00M,-55.00M,,539.00M,234.00M,5.00M,60.00M,-55.00M,6.00M,-55.00M,185.00M,33.00M,152.00M,,167.40M,340.00M,95.00M,245.00M,,,1.02,0.92,,2019-03,0.9539,0.86,,174.60M,0.57,,2019-03,AOR,Restated
2018-12,2.254B,2.254B,1.166B,1.088B,336.00M,336.00M,165.00M,48.00M,6.00M,-28.00M,62.00M,3.00M,-59.00M,0.00,549.00M,539.00M,3.00M,62.00M,-59.00M,-15.00M,-59.00M,465.00M,42.00M,423.00M,,455.66M,620.00M,93.00M,527.00M,,,2.786,2.58,,2018-12,2.634,2.44,,173.20M,0.57,,2018-12,AOR,Restated
2018-09,1.862B,1.862B,961.00M,901.00M,323.00M,323.00M,158.00M,46.00M,0.00,-17.00M,62.00M,3.00M,-59.00M,57.00M,584.00M,317.00M,3.00M,62.00M,-59.00M,12.00M,-59.00M,270.00M,22.00M,248.00M,,262.61M,421.00M,89.00M,332.00M,,,1.616,1.52,,2018-09,1.520,1.43,,172.60M,0.52,,2018-09,AOR,Restated
2018-06,1.76B,1.76B,938.00M,822.00M,316.00M,316.00M,162.00M,53.00M,0.00,-18.00M,63.00M,5.00M,-58.00M,,531.00M,291.00M,5.00M,63.00M,-58.00M,-6.00M,-58.00M,227.00M,46.00M,181.00M,,201.60M,386.00M,96.00M,290.00M,,,1.243,1.11,,2018-06,1.176,1.05,,171.70M,0.52,,2018-06,AOR,Restated
2018-03,1.468B,1.468B,799.00M,669.00M,279.00M,279.00M,152.00M,41.00M,,-26.00M,54.00M,8.00M,-46.00M,,472.00M,197.00M,8.00M,54.00M,-46.00M,-11.00M,-46.00M,140.00M,23.00M,117.00M,,142.20M,276.00M,82.00M,194.00M,,,0.8861,0.73,,2018-03,0.8377,0.69,,170.60M,0.52,,2018-03,AOR,Restated
2017-12,1.957B,1.957B,987.00M,970.00M,265.00M,265.00M,155.00M,40.00M,3.00M,-9.00M,51.00M,4.00M,-47.00M,,460.00M,510.00M,4.00M,51.00M,-47.00M,3.00M,-47.00M,466.00M,1.039B,-573.00M,,-569.00M,606.00M,89.00M,517.00M,,0.00,-3.523,-3.56,,2017-12,-3.523,-3.56,,162.00M,0.52,,2017-12,AOR,Restated
2017-09,1.645B,1.645B,851.00M,794.00M,259.00M,259.00M,141.00M,39.00M,2.00M,-29.00M,55.00M,3.00M,-52.00M,,439.00M,355.00M,3.00M,55.00M,-52.00M,-17.00M,-52.00M,286.00M,73.00M,213.00M,,236.42M,429.00M,88.00M,341.00M,,,1.450,1.30,,2017-09,1.394,1.25,,169.00M,0.47,,2017-09,AOR,Restated
2017-06,1.497B,1.497B,807.00M,690.00M,254.00M,254.00M,138.00M,37.00M,0.00,-16.00M,55.00M,4.00M,-51.00M,,429.00M,261.00M,4.00M,55.00M,-51.00M,-5.00M,-51.00M,205.00M,73.00M,132.00M,,143.16M,346.00M,86.00M,260.00M,,,0.8746,0.80,,2017-06,0.8520,0.78,,169.00M,0.47,,2017-06,AOR,Restated
2017-03,1.281B,1.281B,711.00M,570.00M,244.00M,244.00M,135.00M,36.00M,-42.00M,9.00M,54.00M,3.00M,-51.00M,,415.00M,155.00M,3.00M,54.00M,-51.00M,16.00M,-51.00M,120.00M,42.00M,78.00M,,75.05M,254.00M,80.00M,174.00M,,,0.4581,0.47,,2017-03,0.4385,0.45,,169.90M,0.47,,2017-03,AOR,Restated
2016-12,1.883B,1.883B,955.00M,928.00M,322.00M,322.00M,142.00M,30.00M,23.00M,-80.00M,56.00M,8.00M,-48.00M,,494.00M,434.00M,8.00M,56.00M,-48.00M,-24.00M,-48.00M,362.00M,118.00M,244.00M,,295.57M,493.00M,75.00M,418.00M,,0.00,1.788,1.47,,2016-12,1.739,1.43,,170.40M,0.47,,2016-12,AOR,Restated
2016-09,1.532B,1.532B,770.00M,762.00M,247.00M,247.00M,137.00M,31.00M,2.00M,-8.00M,58.00M,4.00M,-54.00M,,415.00M,347.00M,4.00M,58.00M,-54.00M,3.00M,-54.00M,293.00M,100.00M,193.00M,,195.30M,427.00M,76.00M,351.00M,,,1.170,1.15,,2016-09,1.149,1.13,,169.60M,0.41,,2016-09,AOR,Restated
2016-06,1.43B,1.43B,754.00M,676.00M,240.00M,240.00M,138.00M,38.00M,,-36.00M,59.00M,5.00M,-54.00M,,416.00M,260.00M,5.00M,59.00M,-54.00M,-39.00M,-54.00M,167.00M,59.00M,108.00M,,132.35M,308.00M,82.00M,226.00M,,,0.7675,0.62,,2016-06,0.7550,0.61,,174.80M,0.41,,2016-06,AOR,Restated
2016-03,1.193B,1.193B,691.00M,502.00M,234.00M,234.00M,135.00M,13.00M,,-20.00M,53.00M,4.00M,-49.00M,,382.00M,120.00M,4.00M,53.00M,-49.00M,-49.00M,-49.00M,22.00M,5.00M,17.00M,,54.73M,137.00M,62.00M,75.00M,,,0.3162,0.10,,2016-03,0.3132,0.10,,177.00M,0.41,,2016-03,AOR,Restated
2015-12,1.682B,1.682B,844.00M,838.00M,252.00M,252.00M,152.00M,2.00M,40.00M,-46.00M,54.00M,3.00M,-51.00M,,406.00M,432.00M,3.00M,54.00M,-51.00M,-4.00M,-51.00M,377.00M,99.00M,278.00M,2.00M,285.11M,468.00M,37.00M,431.00M,,0.02,1.626,1.60,,2015-12,1.605,1.57,,179.60M,0.41,,2015-12,AOR,Restated
2015-09,1.422B,1.422B,737.00M,685.00M,259.00M,259.00M,153.00M,2.00M,0.00,-40.00M,47.00M,4.00M,-43.00M,,414.00M,271.00M,4.00M,47.00M,-43.00M,-31.00M,-43.00M,197.00M,71.00M,126.00M,-11.00M,146.47M,276.00M,32.00M,244.00M,,-0.05,0.7327,0.58,,2015-09,0.7317,0.57,,201.30M,0.34,,2015-09,AOR,Restated
2015-06,1.368B,1.368B,720.00M,648.00M,254.00M,254.00M,156.00M,3.00M,3.00M,16.00M,42.00M,3.00M,-39.00M,,413.00M,235.00M,3.00M,42.00M,-39.00M,19.00M,-39.00M,215.00M,64.00M,151.00M,-8.00M,138.10M,297.00M,40.00M,257.00M,,-0.04,0.6628,0.68,,2015-06,0.6632,0.68,,209.50M,0.34,,2015-06,AOR,Restated
2015-03,1.223B,1.223B,675.00M,548.00M,256.00M,256.00M,159.00M,2.00M,,-12.00M,43.00M,3.00M,-40.00M,,417.00M,131.00M,3.00M,43.00M,-40.00M,37.00M,-40.00M,128.00M,40.00M,88.00M,-13.00M,62.85M,212.00M,41.00M,171.00M,,-0.06,0.2878,0.34,,2015-03,0.2891,0.34,,217.80M,0.34,,2015-03,AOR,Restated
2014-12,1.823B,1.823B,911.00M,912.00M,282.00M,282.00M,165.00M,1.00M,0.00,-1.922B,45.00M,4.00M,-41.00M,,448.00M,464.00M,4.00M,45.00M,-41.00M,-1.921B,-41.00M,-1.498B,-572.00M,-926.00M,1.127B,259.24M,-1.411B,42.00M,-1.453B,,4.89,1.158,0.87,,2014-12,1.158,0.87,,229.10M,0.34,,2014-12,AOR,Restated
2014-09,1.436B,1.436B,751.00M,685.00M,287.00M,287.00M,166.00M,1.00M,0.00,-61.00M,38.00M,7.00M,-31.00M,,454.00M,231.00M,7.00M,38.00M,-31.00M,-49.00M,-31.00M,151.00M,84.00M,67.00M,81.00M,96.25M,234.00M,45.00M,189.00M,,0.33,0.3888,0.60,,2014-09,0.3878,0.59,,248.20M,0.34,,2014-09,AOR,Restated
2014-06,1.393B,1.393B,737.00M,656.00M,308.00M,308.00M,176.00M,1.00M,0.00,-33.00M,34.00M,5.00M,-29.00M,,485.00M,171.00M,5.00M,34.00M,-29.00M,-44.00M,-29.00M,98.00M,20.00M,78.00M,746.00M,112.40M,178.00M,46.00M,132.00M,,2.94,0.4456,3.25,,2014-06,0.4343,3.22,,256.20M,0.31,,2014-06,AOR,Restated
2014-03,1.228B,1.228B,651.00M,577.00M,307.00M,307.00M,174.00M,1.00M,,12.00M,30.00M,5.00M,-25.00M,,482.00M,95.00M,5.00M,30.00M,-25.00M,19.00M,-25.00M,89.00M,4.00M,85.00M,42.00M,68.68M,159.00M,40.00M,119.00M,,0.17,0.2658,0.50,,2014-03,0.2668,0.49,,258.30M,0.31,,2014-03,AOR,Restated
2013-12,1.817B,1.817B,916.00M,901.00M,346.00M,346.00M,196.00M,0.00,0.00,-34.00M,32.00M,4.00M,-28.00M,,542.00M,359.00M,4.00M,32.00M,-28.00M,-25.00M,-28.00M,306.00M,13.00M,293.00M,50.00M,319.77M,380.00M,42.00M,338.00M,,0.19,1.438,1.33,,2013-12,1.416,1.31,,261.50M,0.31,,2013-12,AOR,Restated
2013-09,1.517B,1.517B,752.00M,765.00M,320.00M,320.00M,183.00M,0.00,1.00M,-17.00M,33.00M,4.00M,-29.00M,,503.00M,262.00M,4.00M,33.00M,-29.00M,18.00M,-29.00M,251.00M,-11.00M,262.00M,46.00M,250.60M,324.00M,40.00M,284.00M,,0.17,0.9603,1.17,,2013-09,0.9408,1.16,,265.30M,0.31,,2013-09,AOR,Restated
2013-06,1.497B,1.497B,747.00M,750.00M,339.00M,339.00M,195.00M,0.00,2.00M,-15.00M,38.00M,6.00M,-32.00M,,534.00M,216.00M,6.00M,38.00M,-32.00M,-16.00M,-32.00M,168.00M,-59.00M,227.00M,35.00M,234.70M,230.00M,24.00M,206.00M,,0.13,0.8734,0.96,,2013-06,0.8526,0.94,,274.70M,0.26,,2013-06,AOR,Restated
2013-03,1.973B,1.973B,1.018B,955.00M,460.00M,460.00M,262.00M,6.00M,,-11.00M,30.00M,5.00M,-25.00M,,728.00M,227.00M,5.00M,30.00M,-25.00M,3.00M,-25.00M,205.00M,13.00M,192.00M,,192.00M,287.00M,52.00M,235.00M,,,0.70,0.70,,2013-03,0.68,0.68,,280.70M,0.26,,2013-03,AOR,Restated
2012-12,12.00M,12.00M,-62.00M,74.00M,18.00M,18.00M,5.00M,-17.00M,-4.00M,23.00M,29.00M,9.00M,-20.00M,,6.00M,68.00M,9.00M,29.00M,-20.00M,25.00M,-20.00M,73.00M,-55.00M,128.00M,208.00M,115.65M,102.00M,0.00,102.00M,,0.00,1.156,1.20,,2012-12,1.137,1.18,,285.10M,0.26,,2012-12,AOR,Restated
2012-09,2.153B,2.153B,1.066B,1.087B,485.00M,485.00M,262.00M,6.00M,6.00M,-16.00M,29.00M,13.00M,-16.00M,,753.00M,334.00M,13.00M,29.00M,-16.00M,6.00M,-16.00M,324.00M,118.00M,206.00M,0.00,202.80M,398.00M,45.00M,353.00M,,0.00,0.7187,0.73,,2012-09,0.7089,0.72,,287.40M,0.26,,2012-09,AOR,Restated
2012-06,2.148B,2.148B,1.088B,1.06B,496.00M,496.00M,269.00M,6.00M,0.00,-17.00M,25.00M,9.00M,-16.00M,,771.00M,289.00M,9.00M,25.00M,-16.00M,-33.00M,-16.00M,240.00M,63.00M,177.00M,5.00M,202.90M,318.00M,53.00M,265.00M,,0.02,0.6991,0.63,,2012-06,0.6875,0.61,,296.10M,0.22,,2012-06,AOR,Restated
2012-03,1.956B,1.956B,983.00M,973.00M,472.00M,472.00M,254.00M,6.00M,2.00M,-11.00M,25.00M,11.00M,-14.00M,,732.00M,241.00M,11.00M,25.00M,-14.00M,17.00M,-14.00M,244.00M,85.00M,159.00M,-2.00M,148.60M,322.00M,53.00M,269.00M,,-0.01,0.4766,0.50,,2012-03,0.4673,0.49,,317.70M,0.22,,2012-03,AOR,Restated
2011-12,2.30B,2.30B,1.14B,1.16B,,498.00M,266.00M,,,74.00M,27.00M,12.00M,-15.00M,,965.00M,195.00M,12.00M,27.00M,-15.00M,87.00M,-15.00M,267.00M,90.00M,177.00M,7.00M,102.75M,387.00M,93.00M,294.00M,,0.03,0.3203,0.58,,2011-12,0.3140,0.57,,328.60M,0.22,,2011-12,AOR,Restated
2011-09,2.085B,2.085B,1.03B,1.055B,,471.00M,270.00M,,,-54.00M,31.00M,13.00M,-18.00M,,741.00M,314.00M,13.00M,31.00M,-18.00M,-58.00M,-18.00M,238.00M,83.00M,155.00M,-25.00M,192.08M,361.00M,92.00M,269.00M,,-0.08,0.5765,0.38,,2011-09,0.5651,0.38,,339.50M,0.22,,2011-09,AOR,Restated
2011-06,1.984B,1.984B,977.00M,1.007B,,482.00M,260.00M,,,-190.00M,40.00M,19.00M,-21.00M,,742.00M,265.00M,19.00M,40.00M,-21.00M,-183.00M,-21.00M,61.00M,13.00M,48.00M,299.00M,194.79M,191.00M,90.00M,101.00M,,0.87,0.5743,1.02,,2011-06,0.5555,1.00,,348.50M,0.00,,2011-06,AOR,Restated
2011-03,1.834B,1.834B,910.00M,924.00M,,461.00M,239.00M,,,-3.00M,34.00M,14.00M,-20.00M,55.00M,755.00M,169.00M,14.00M,34.00M,-20.00M,23.00M,-20.00M,172.00M,-189.00M,361.00M,130.00M,365.70M,297.00M,91.00M,206.00M,,0.38,1.086,1.47,,2011-03,1.066,1.44,,344.20M,0.00,,2011-03,AOR,Restated
2010-12,2.119B,2.119B,1.044B,1.075B,,505.00M,265.00M,,,61.00M,53.00M,21.00M,-32.00M,,895.00M,180.00M,21.00M,53.00M,-32.00M,101.00M,-32.00M,249.00M,71.00M,178.00M,126.00M,122.39M,398.00M,96.00M,302.00M,,0.37,0.3701,0.87,,2010-12,0.3622,0.86,,341.10M,0.00,,2010-12,AOR,Restated
2010-09,1.908B,1.908B,944.00M,964.00M,,457.00M,262.00M,,,-34.00M,48.00M,19.00M,-29.00M,,719.00M,245.00M,19.00M,48.00M,-29.00M,-24.00M,-29.00M,192.00M,203.00M,-11.00M,123.00M,9.10M,325.00M,85.00M,240.00M,,0.37,0.0261,0.33,,2010-09,0.0261,0.33,,334.10M,0.00,,2010-09,AOR,Restated
2010-06,1.936B,1.936B,971.00M,965.00M,,471.00M,269.00M,,,-90.00M,56.00M,21.00M,-35.00M,,740.00M,225.00M,21.00M,56.00M,-35.00M,-61.00M,-35.00M,129.00M,122.00M,7.00M,159.00M,64.10M,270.00M,85.00M,185.00M,,0.48,0.1936,0.49,,2010-06,0.1908,0.48,,337.90M,0.00,,2010-06,AOR,Restated
2010-03,1.74B,1.74B,887.00M,853.00M,,454.00M,258.00M,51.00M,,15.00M,60.00M,27.00M,-33.00M,-30.00M,733.00M,120.00M,27.00M,60.00M,-33.00M,22.00M,-33.00M,109.00M,13.00M,96.00M,-28.00M,83.79M,256.00M,87.00M,169.00M,,-0.08,0.2501,0.21,,2010-03,0.2505,0.21,,334.50M,0.00,,2010-03,AOR,Restated
2009-12,4.786B,4.786B,3.058B,1.728B,,808.00M,648.00M,,,505.00M,40.00M,21.00M,-19.00M,,2.033B,-305.00M,21.00M,40.00M,-19.00M,444.00M,-19.00M,120.00M,70.00M,50.00M,91.00M,-277.25M,315.00M,155.00M,160.00M,,0.28,-0.8552,0.42,,2009-12,-0.8552,0.42,,329.83M,0.00,,2009-12,AOR,Restated
2009-09,4.336B,4.336B,2.897B,1.439B,,718.00M,621.00M,,,-155.00M,62.00M,13.00M,-49.00M,,1.339B,100.00M,13.00M,62.00M,-49.00M,-156.00M,-49.00M,-105.00M,-25.00M,-80.00M,102.00M,28.86M,62.00M,105.00M,-43.00M,,0.35,0.0818,0.07,,2009-09,0.0818,0.07,,328.51M,0.00,,2009-09,AOR,Restated
2009-06,5.497B,5.497B,3.787B,1.71B,,822.00M,775.00M,70.00M,,-16.00M,49.00M,19.00M,-30.00M,-6.00M,1.661B,49.00M,19.00M,49.00M,-30.00M,14.00M,-30.00M,33.00M,-2.00M,35.00M,,36.40M,274.00M,192.00M,82.00M,,0.00,0.1017,0.07,,2009-06,0.1016,0.07,,329.49M,0.00,,2009-06,AOR,Restated
2009-03,5.371B,5.371B,3.875B,1.496B,,869.00M,847.00M,71.00M,,50.00M,62.00M,27.00M,-35.00M,158.00M,1.945B,-449.00M,27.00M,62.00M,-35.00M,50.00M,-35.00M,-434.00M,-146.00M,-288.00M,60.00M,-324.18M,-182.00M,190.00M,-372.00M,,0.21,-1.012,-0.7000,,2009-03,-1.012,-0.7000,,325.79M,0.00,,2009-03,AOR,Restated
2008-12,7.136B,7.136B,5.014B,2.122B,,947.00M,1.008B,74.00M,,34.00M,20.00M,62.00M,42.00M,,3.922B,-1.80B,62.00M,20.00M,42.00M,34.00M,42.00M,-1.724B,1.932B,-3.656B,0.00,-3.679B,-1.497B,207.00M,-1.704B,,0.00,-11.34,-11.27,,2008-12,-11.34,-11.27,,325.04M,0.35,,2008-12,,Restated
2008-09,7.48B,7.48B,5.677B,1.803B,,1.065B,999.00M,80.00M,,-271.00M,52.00M,70.00M,18.00M,,2.144B,-341.00M,70.00M,52.00M,18.00M,-271.00M,18.00M,-594.00M,-203.00M,-391.00M,0.00,-218.61M,-334.00M,208.00M,-542.00M,,0.00,-0.7089,-1.260,,2008-09,-0.7089,-1.260,,323.70M,0.35,,2008-09,,Restated
2008-06,8.082B,8.082B,5.757B,2.325B,,1.115B,1.048B,81.00M,,-112.00M,74.00M,64.00M,-10.00M,56.00M,2.30B,25.00M,64.00M,74.00M,-10.00M,-73.00M,-10.00M,-58.00M,-55.00M,-3.00M,0.00,51.45M,228.00M,212.00M,16.00M,,0.00,0.1468,0.00,,2008-06,0.1464,0.00,,324.21M,0.35,,2008-06,,Restated
2008-03,7.448B,7.448B,5.303B,2.145B,,1.183B,1.054B,83.00M,,14.00M,78.00M,76.00M,-2.00M,94.00M,2.414B,-269.00M,76.00M,78.00M,-2.00M,14.00M,-2.00M,-257.00M,-67.00M,-190.00M,0.00,-204.35M,25.00M,204.00M,-179.00M,,0.00,-0.6621,-0.6300,,2008-03,-0.6621,-0.6300,,322.43M,0.35,,2008-03,,Restated
2007-12,9.646B,9.646B,7.106B,2.54B,,1.273B,1.097B,88.00M,,-60.00M,,,,32.00M,2.49B,50.00M,,,,-60.00M,,33.00M,-78.00M,111.00M,-11.00M,150.00M,271.00M,221.00M,50.00M,,0.00,0.3996,0.28,,2007-12,0.3996,0.28,,326.10M,0.35,,2007-12,,
2007-09,8.811B,8.811B,6.306B,2.505B,,1.21B,1.10B,91.00M,,-105.00M,,,,55.00M,2.456B,49.00M,,,,-105.00M,,8.00M,-32.00M,40.00M,20.00M,108.25M,285.00M,236.00M,49.00M,,0.07,0.3486,0.21,,2007-09,0.3461,0.21,,331.20M,0.35,,2007-09,,
2007-06,8.732B,8.732B,6.279B,2.453B,,1.296B,1.115B,95.00M,,-84.00M,,,,29.00M,2.535B,-82.00M,,,,-84.00M,,-104.00M,-66.00M,-38.00M,10.00M,16.60M,145.00M,227.00M,-82.00M,,0.07,0.0264,-0.07,,2007-06,0.0264,-0.07,,328.04M,0.35,,2007-06,,
2007-03,9.433B,9.433B,6.979B,2.454B,,1.313B,1.117B,95.00M,,-297.00M,,,,115.00M,2.64B,-186.00M,,,,-297.00M,,-327.00M,-109.00M,-218.00M,37.00M,-20.00M,33.00M,219.00M,-186.00M,,0.07,-0.0458,-0.5600,,2007-03,-0.0458,-0.5600,,338.90M,0.35,,2007-03,,
2006-12,11.79B,11.79B,8.724B,3.068B,,1.034B,1.117B,,,-332.00M,,,,322.00M,2.473B,595.00M,,,,-332.00M,,684.00M,155.00M,529.00M,94.00M,785.77M,750.00M,155.00M,595.00M,,0.28,2.284,1.820,,2006-12,2.199,1.750,,352.26M,0.35,,2006-12,,
2006-09,10.60B,10.60B,7.229B,3.374B,,1.174B,1.027B,,,-108.00M,,,,113.00M,2.314B,1.06B,,,,-108.00M,,1.155B,428.00M,727.00M,241.00M,794.98M,1.202B,142.00M,1.06B,,0.7000,2.297,2.800,,2006-09,2.222,2.730,,353.83M,0.35,,2006-09,,
2006-06,10.82B,10.82B,7.463B,3.357B,,1.154B,1.035B,20.00M,,505.00M,,,,-410.00M,1.799B,1.558B,,,,505.00M,,1.723B,374.00M,1.349B,35.00M,953.62M,1.692B,134.00M,1.558B,,0.07,2.727,3.920,,2006-06,2.683,3.850,,360.29M,0.35,,2006-06,,
2006-03,9.608B,9.608B,6.677B,2.931B,,1.069B,964.00M,19.00M,,102.00M,,,,-46.00M,2.006B,925.00M,,,,102.00M,,1.048B,392.00M,656.00M,30.00M,592.15M,1.052B,127.00M,925.00M,,0.14,1.640,1.960,,2006-03,1.645,1.890,,364.80M,0.28,,2006-03,,
2005-12,10.04B,10.04B,6.877B,3.162B,,871.00M,1.033B,,,369.00M,,,,-456.00M,1.448B,1.714B,,,,369.00M,,1.682B,505.00M,1.177B,25.00M,918.79M,1.801B,87.00M,1.714B,,0.07,2.566,3.360,,2005-12,2.515,3.290,,366.27M,0.28,,2005-12,,
2005-09,9.048B,9.048B,6.119B,2.929B,,919.00M,882.00M,,,1.112B,,,,48.00M,1.849B,1.08B,,,,1.112B,,2.26B,522.00M,1.738B,13.00M,882.84M,1.262B,182.00M,1.08B,,0.07,2.487,4.970,,2005-09,2.410,4.830,,363.86M,0.28,,2005-09,,
2005-06,8.408B,8.408B,5.651B,2.757B,,915.00M,878.00M,,,423.00M,,,,6.00M,1.799B,958.00M,,,,423.00M,,1.391B,472.00M,919.00M,14.00M,639.53M,1.081B,123.00M,958.00M,,0.07,1.795,2.660,,2005-06,1.809,2.590,,357.71M,0.28,,2005-06,,
2005-03,8.161B,8.161B,5.505B,2.656B,,945.00M,853.00M,,,237.00M,,,,-7.00M,1.791B,865.00M,,,,237.00M,,1.087B,395.00M,692.00M,,541.12M,1.013B,148.00M,865.00M,,0.00,1.528,1.960,,2005-03,1.535,1.960,,355.30M,0.28,,2005-03,,
2004-12,7.182B,7.182B,4.759B,2.423B,,324.00M,1.072B,,,-59.00M,,,,,1.571B,852.00M,,,,-59.00M,,943.00M,356.00M,587.00M,59.00M,623.73M,933.00M,81.00M,852.00M,,0.1985,1.632,1.721,,2004-12,1.625,1.721,,356.87M,0.28,,2004-12,,
2004-09,7.499B,7.499B,4.926B,2.573B,,1.158B,771.00M,,,97.00M,,,,,1.929B,644.00M,,,,97.00M,,693.00M,267.00M,426.00M,53.00M,366.37M,809.00M,165.00M,644.00M,,0.14,1.083,1.400,,2004-09,1.091,1.400,,352.29M,0.28,,2004-09,,
2004-06,7.541B,7.541B,4.938B,2.603B,,1.096B,748.00M,,,42.00M,,,,-26.00M,1.818B,785.00M,,,,42.00M,,741.00M,122.00M,619.00M,-822.00M,583.91M,944.00M,159.00M,785.00M,,-2.450,1.716,-0.6300,,2004-06,1.651,-0.6300,,353.17M,0.28,,2004-06,,
2004-03,7.441B,7.441B,5.075B,2.366B,,970.00M,725.00M,,,131.00M,,,,-14.00M,1.681B,685.00M,,,,131.00M,,734.00M,268.00M,466.00M,143.00M,382.83M,846.00M,161.00M,685.00M,,0.42,1.151,1.820,,2004-03,1.092,1.750,,350.14M,0.28,,2004-03,,
2003-12,4.12B,4.12B,2.923B,1.197B,,373.00M,140.00M,,,203.00M,,,,-15.00M,498.00M,699.00M,,,,203.00M,,829.00M,305.00M,524.00M,,395.69M,699.00M,-419.00M,699.00M,,-0.1048,1.200,1.483,,2003-12,0.9540,1.470,,341.24M,0.28,,2003-12,,
2003-09,6.829B,6.829B,4.507B,2.322B,,1.078B,941.00M,,,-41.00M,,,,-4.00M,2.015B,307.00M,,,,-41.00M,,178.00M,62.00M,116.00M,,142.72M,707.00M,400.00M,307.00M,,0.00,0.4305,0.35,,2003-09,0.4293,0.35,,336.86M,0.28,,2003-09,,
2003-06,6.163B,6.163B,4.155B,2.008B,,937.00M,951.00M,,,51.00M,,,,-9.00M,1.879B,129.00M,,,,51.00M,,112.00M,-7.00M,119.00M,,88.40M,533.00M,404.00M,129.00M,,0.00,0.2577,0.35,,2003-06,0.2583,0.35,,333.86M,0.28,,2003-06,,
2003-03,6.043B,6.043B,4.067B,1.976B,,897.00M,947.00M,,,218.00M,,,,-61.00M,1.783B,193.00M,,,,218.00M,,257.00M,88.00M,169.00M,,25.65M,626.00M,433.00M,193.00M,,0.00,0.0559,0.49,,2003-03,0.0584,0.49,,332.16M,0.28,,2003-03,,
2002-12,8.146B,8.146B,5.415B,2.731B,,1.272B,919.00M,,,-204.00M,,,,6.00M,2.197B,534.00M,,,,-204.00M,,280.00M,106.00M,174.00M,,300.77M,1.04B,506.00M,534.00M,,,1.067,0.6769,,2002-12,1.062,0.5600,,329.39M,0.28,,2002-12,,
2002-09,6.371B,6.371B,4.126B,2.245B,,1.017B,961.00M,,,40.00M,,,,-85.00M,1.893B,352.00M,,,,40.00M,,215.00M,104.00M,111.00M,,87.00M,854.00M,502.00M,352.00M,,0.00,0.2768,0.35,,2002-09,0.2772,0.35,,329.74M,0.28,,2002-09,,
2002-06,6.741B,6.741B,4.518B,2.223B,,2.05B,944.00M,,,-2.419B,,,,,2.994B,-771.00M,,,,-2.419B,,-3.29B,-969.00M,-2.321B,,-614.47M,-228.00M,543.00M,-771.00M,,0.00,-1.894,-7.140,,2002-06,-1.894,-7.140,,325.31M,0.28,,2002-06,,
2002-03,6.021B,6.021B,4.248B,1.773B,,1.042B,892.00M,,,-382.00M,,,,3.00M,1.937B,-164.00M,,,,-382.00M,,-651.00M,-202.00M,-449.00M,,-185.53M,393.00M,557.00M,-164.00M,,0.00,-0.5816,-1.400,,2002-03,-0.5816,-1.400,,321.93M,0.28,,2002-03,,
2001-12,7.925B,7.925B,5.817B,2.108B,,1.343B,980.00M,,,-1.53B,,,,537.00M,2.86B,-752.00M,,,,-1.53B,,-1.853B,-616.00M,-1.237B,,-215.62M,-119.00M,633.00M,-752.00M,,,-0.3738,-3.617,,2001-12,-0.4236,-3.850,,319.87M,0.28,,2001-12,,
2001-09,7.392B,7.392B,5.476B,1.916B,,1.121B,1.037B,,,-1.837B,,,,1.408B,3.566B,-1.65B,,,,-1.837B,,-2.219B,-811.00M,-1.408B,,-242.39M,-1.06B,590.00M,-1.65B,,0.00,-0.7998,-4.480,,2001-09,-0.7998,-4.480,,316.73M,0.28,,2001-09,,
2001-06,7.522B,7.522B,5.434B,2.088B,,989.00M,1.086B,,,-170.00M,,,,,2.664B,-576.00M,,,,-170.00M,,-848.00M,-89.00M,-759.00M,,-606.84M,82.00M,658.00M,-576.00M,,0.00,-1.966,-2.450,,2001-06,-1.966,-2.450,,314.70M,0.28,,2001-06,,
2001-03,7.683B,7.683B,6.117B,1.566B,,1.187B,1.172B,,,263.00M,,,,72.00M,2.431B,-865.00M,,,,263.00M,,-591.00M,-58.00M,-533.00M,,-770.19M,-194.00M,671.00M,-865.00M,,0.00,-2.437,-1.680,,2001-03,-2.437,-1.680,,313.43M,0.28,,2001-03,,
2000-12,9.83B,9.83B,8.33B,1.50B,,2.059B,1.144B,,,,,,,,2.002B,-502.00M,,,,,,413.00M,278.00M,135.00M,,135.00M,302.00M,804.00M,-502.00M,,,0.3605,0.3605,,2000-12,0.14,0.3605,,321.69M,0.28,,2000-12,,
2000-09,9.493B,9.493B,6.13B,3.363B,,768.00M,1.171B,,,,,,,,2.531B,832.00M,,,,,,758.00M,227.00M,531.00M,,531.00M,1.424B,592.00M,832.00M,,0.00,1.680,1.680,,2000-09,1.610,1.610,,323.71M,0.28,,2000-09,,
2000-06,9.255B,9.255B,5.513B,3.742B,,1.598B,1.107B,,,,,,,,3.268B,474.00M,,,,,,420.00M,216.00M,204.00M,,204.00M,1.037B,563.00M,474.00M,,0.00,0.6300,0.6300,,2000-06,0.6300,0.6300,,321.39M,0.28,,2000-06,,
2000-03,8.768B,8.768B,5.195B,3.573B,,1.308B,1.015B,,,,,,,,2.886B,687.00M,,,,,,640.00M,192.00M,448.00M,,448.00M,1.25B,563.00M,687.00M,,0.00,1.470,1.470,,2000-03,1.400,1.400,,324.28M,0.28,,2000-03,,
1999-12,9.086B,9.086B,6.019B,3.067B,,994.00M,1.032B,,,,,,,,2.589B,478.00M,,,,,,458.00M,135.00M,323.00M,,323.00M,1.158B,680.00M,478.00M,,,1.573,1.573,,1999-12,1.120,1.120,,284.57M,0.28,,1999-12,,
1999-09,8.223B,8.223B,5.281B,2.942B,,1.295B,913.00M,,,,,,,,2.745B,197.00M,,,,,,164.00M,50.00M,114.00M,,114.00M,734.00M,537.00M,197.00M,,0.00,0.35,0.35,,1999-09,0.35,0.35,,325.71M,0.28,,1999-09,,
1999-06,8.03B,8.03B,4.744B,3.286B,,1.46B,842.00M,,,,,,,,2.867B,419.00M,,,,,,372.00M,117.00M,255.00M,,255.00M,989.00M,570.00M,419.00M,,0.00,0.8400,0.8400,,1999-06,0.8400,0.8400,,313.11M,0.28,,1999-06,,
1999-03,7.736B,7.736B,4.592B,3.144B,,1.471B,773.00M,,,,,,,,2.817B,327.00M,,,,,,289.00M,90.00M,199.00M,,199.00M,900.00M,573.00M,327.00M,,0.00,0.6300,0.6300,,1999-03,0.6300,0.6300,,315.87M,0.28,,1999-03,,
1998-12,10.28B,10.28B,4.416B,5.863B,,1.86B,,,,151.00M,,,,,5.631B,232.00M,,,,151.00M,,321.00M,107.00M,214.00M,,113.33M,961.00M,729.00M,232.00M,,,0.4968,0.8892,,1998-12,0.6460,0.8892,,413.86M,0.28,,1998-12,,
1998-09,7.152B,7.152B,5.153B,1.999B,,1.359B,,,,,,,,,1.898B,101.00M,,,,,,39.00M,12.00M,27.00M,,27.00M,640.00M,539.00M,101.00M,,0.00,0.14,0.14,,1998-09,0.07,0.07,,256.84M,0.28,,1998-09,,
1998-06,7.023B,7.023B,4.315B,2.708B,,1.329B,722.00M,,,-1.98B,,,,,2.572B,136.00M,,,,-1.98B,,-1.897B,-569.00M,-1.328B,,58.10M,657.00M,521.00M,136.00M,,0.00,0.2266,-5.180,,1998-06,0.2266,-5.180,,256.37M,0.28,,1998-06,,
