,OperatingRevenue,Revenue,CostofGoodsSold,GrossProfit,SalesandMarketingExpense,GeneralandAdministrativeExpense,SG&AExpense,IncomeStatementDepreciation,AmortizationExpense,InvestmentWriteOff,SpecialIncomeandCharges,NonIncomeTaxes,OperatingInterestExpense,OperatingInterestIncome,NetOperatingInterestIncome,OtherOperatingExpenses,TotalOperatingExpenses,OperatingIncome,Non-OperatingInterestIncome,Non-OperatingInterestExpense,NetNon-OperatingInterestIncomeExpense,OtherIncomeandExpenses,NetInterestIncome,Pre-TaxIncome,ProvisionforIncomeTaxes,"ExtraordinaryItems,IncomeStatement",IncomeAttributabletoMinorityInterest,PreferredStockDividend,NetIncome,NormalizedIncome,EBIT,,BasicEPS(Quarterly),EPSBasicfromContinuingOperations,EPSBasicfromDiscontinuedOperations,EPSBasic,,DilutedEPS(Quarterly),EPSDilutedfromExtraordinaries,NormalizedDilutedEPS,EPSDiluted,,SharesData(Quarterly),AverageBasicSharesOutstanding,AverageDilutedSharesOutstanding,DividendPerShare,,SECFilingLinks,AsOriginallyReported,Restated
2020-09,1.067B,1.067B,1.048B,19.00M,,75.00M,75.00M,,,,-32.00M,,66.00M,,-66.00M,39.00M,114.00M,-95.00M,,66.00M,-66.00M,-32.00M,-66.00M,-193.00M,-90.00M,,-2.00M,,-92.00M,-81.64M,-127.00M,,2020-09,-0.29,0.04,-0.25,,2020-09,,-0.2280,-0.25,,2020-09,377.00M,377.00M,0.11,,2020-09,AOR,
2020-06,394.00M,394.00M,901.00M,-507.00M,,79.00M,79.00M,,,0.00,0.00,,65.00M,2.00M,-69.00M,12.00M,91.00M,-598.00M,2.00M,65.00M,-69.00M,-13.00M,-69.00M,-680.00M,-3.00M,,-2.00M,,-670.00M,-679.00M,-615.00M,,2020-06,-1.80,0.02,-1.78,,2020-06,,-1.80,-1.78,,2020-06,377.00M,377.00M,0.11,,2020-06,AOR,
2020-03,2.087B,2.087B,719.00M,1.368B,578.00M,102.00M,680.00M,,,,-2.666B,,65.00M,5.00M,-65.00M,112.00M,792.00M,576.00M,5.00M,65.00M,-65.00M,-2.618B,-65.00M,-2.107B,-417.00M,,-1.00M,,-1.816B,441.80M,-2.042B,,2020-03,-4.48,-0.34,-4.82,,2020-03,,1.089,-4.82,,2020-03,383.00M,383.00M,0.09,,2020-03,AOR,
2019-12,1.589B,1.589B,1.371B,218.00M,,119.00M,119.00M,,,,-11.00M,,74.00M,,-64.00M,29.00M,148.00M,70.00M,,74.00M,-64.00M,-27.00M,-64.00M,-21.00M,-33.00M,,-2.00M,,-642.00M,18.03M,53.00M,,2019-12,0.03,-1.73,-1.70,,2019-12,,0.0513,-1.70,,2019-12,377.00M,377.00M,0.09,,2019-12,AOR,
2019-09,1.746B,1.746B,1.359B,387.00M,,107.00M,107.00M,,,,-9.00M,,60.00M,,-60.00M,18.00M,125.00M,262.00M,,60.00M,-60.00M,-12.00M,-60.00M,190.00M,54.00M,,0.00,,109.00M,142.48M,250.00M,,2019-09,0.34,-0.07,0.27,,2019-09,,0.3564,0.27,,2019-09,392.00M,394.00M,0.09,,2019-09,AOR,Restated
2019-06,1.806B,1.806B,1.383B,423.00M,,114.00M,114.00M,,,0.00,-10.00M,,65.00M,7.00M,-66.00M,7.00M,121.00M,302.00M,7.00M,65.00M,-66.00M,-17.00M,-66.00M,219.00M,68.00M,,0.00,,495.00M,157.90M,284.00M,,2019-06,0.37,0.83,1.20,,2019-06,,0.3868,1.19,,2019-06,409.00M,411.00M,0.09,,2019-06,AOR,Restated
2019-03,1.079B,1.079B,643.00M,436.00M,750.00M,135.00M,885.00M,,,,-6.00M,,65.00M,11.00M,-60.00M,4.00M,889.00M,-453.00M,11.00M,65.00M,-60.00M,16.00M,-60.00M,-497.00M,-119.00M,,0.00,,-317.00M,-373.44M,-432.00M,,2019-03,-0.89,0.15,-0.74,,2019-03,,-0.8795,-0.74,,2019-03,434.00M,434.00M,0.08,,2019-03,AOR,Restated
2018-12,2.939B,2.939B,4.495B,-1.556B,,136.00M,-3.08B,,,,277.00M,,68.00M,,-59.00M,23.00M,-3.057B,1.501B,,68.00M,-59.00M,211.00M,-59.00M,1.653B,391.00M,,0.00,,1.149B,1.051B,1.721B,,2018-12,2.50,0.00,2.50,,2018-12,,2.027,2.48,,2018-12,455.00M,467.00M,0.08,,2018-12,AOR,Restated
2018-09,2.156B,2.156B,759.00M,1.397B,1.201B,128.00M,1.329B,,,,-2.00M,,68.00M,,-68.00M,22.00M,1.351B,46.00M,,68.00M,-68.00M,7.00M,-68.00M,-15.00M,-171.00M,,-26.00M,,2.537B,131.46M,53.00M,,2018-09,0.32,4.85,5.17,,2018-09,,0.3230,5.14,,2018-09,486.00M,489.00M,0.08,,2018-09,AOR,Restated
2018-06,1.922B,1.922B,748.00M,1.174B,1.149B,135.00M,1.284B,,,,-262.00M,,68.00M,,-64.00M,62.00M,1.346B,-172.00M,,68.00M,-64.00M,-247.00M,-64.00M,-483.00M,13.00M,,-90.00M,,-425.00M,-394.74M,-415.00M,,2018-06,-0.97,0.14,-0.83,,2018-06,,-0.5986,-0.83,,2018-06,515.00M,515.00M,0.08,,2018-06,AOR,Restated
2018-03,2.198B,2.198B,942.00M,1.256B,873.00M,199.00M,1.072B,,,,-300.00M,,78.00M,,-75.00M,49.00M,1.121B,135.00M,,78.00M,-75.00M,-305.00M,-75.00M,-245.00M,-34.00M,,-44.00M,,-197.00M,46.00M,-167.00M,,2018-03,-0.41,0.03,-0.38,,2018-03,,0.1688,-0.38,,2018-03,520.00M,520.00M,0.06,,2018-03,AOR,Restated
2017-12,3.00M,3.00M,2.859B,-2.856B,,99.00M,-2.472B,,,,19.00M,,95.00M,,-83.00M,137.00M,-2.335B,-521.00M,,95.00M,-83.00M,-83.00M,-83.00M,-687.00M,-6.00M,,-121.00M,,183.00M,-820.83M,-592.00M,,2017-12,0.35,1.65,0.35,,2017-12,,0.3140,0.35,,2017-12,523.00M,523.00M,0.06,,2017-12,AOR,Restated
2017-09,1.933B,1.933B,818.00M,1.115B,843.00M,170.00M,1.013B,,,,170.00M,,79.00M,,-78.00M,57.00M,1.07B,45.00M,,79.00M,-78.00M,240.00M,-78.00M,207.00M,13.00M,,-19.00M,,193.00M,15.20M,286.00M,,2017-09,0.37,0.00,0.37,,2017-09,,0.0645,0.37,,2017-09,520.00M,523.00M,0.06,,2017-09,AOR,Restated
2017-06,2.165B,2.165B,824.00M,1.341B,849.00M,181.00M,1.03B,,,,22.00M,,82.00M,,-77.00M,71.00M,1.101B,240.00M,,82.00M,-77.00M,44.00M,-77.00M,207.00M,-5.00M,,-26.00M,,219.00M,116.42M,289.00M,,2017-06,0.40,0.01,0.41,,2017-06,,0.2670,0.41,,2017-06,520.00M,523.00M,0.06,,2017-06,AOR,Restated
2017-03,3.551B,3.551B,2.799B,752.00M,,231.00M,231.00M,,,,-4.00M,,128.00M,,-128.00M,95.00M,326.00M,426.00M,,128.00M,-128.00M,27.00M,-128.00M,325.00M,8.00M,,-14.00M,,303.00M,306.92M,453.00M,,2017-03,0.58,,0.58,,2017-03,,0.5875,0.58,,2017-03,519.00M,522.00M,0.06,,2017-03,AOR,Restated
2016-12,2.808B,2.808B,3.908B,-1.10B,,383.00M,383.00M,,,,3.487B,,150.00M,,-152.00M,-966.00M,-583.00M,-517.00M,,150.00M,-152.00M,3.604B,-152.00M,2.935B,369.00M,,11.00M,,2.577B,-471.60M,3.085B,,2016-12,0.63,,0.63,,2016-12,,-5.244,0.63,,2016-12,519.00M,519.00M,0.06,,2016-12,AOR,Restated
2016-09,2.882B,2.882B,1.941B,941.00M,,141.00M,141.00M,,,,953.00M,,154.00M,,-159.00M,372.00M,513.00M,428.00M,,154.00M,-159.00M,909.00M,-159.00M,1.178B,171.00M,,-14.00M,,993.00M,182.95M,1.332B,,2016-09,1.90,,1.90,,2016-09,,0.3352,1.89,,2016-09,518.00M,521.00M,0.06,,2016-09,AOR,Restated
2016-06,2.488B,2.488B,1.897B,591.00M,,147.00M,147.00M,,,,-1.521B,,160.00M,,-163.00M,420.00M,567.00M,24.00M,,160.00M,-163.00M,-1.606B,-163.00M,-1.745B,-182.00M,,-7.00M,,-1.57B,-201.10M,-1.585B,,2016-06,-3.04,,-3.04,,2016-06,,-0.3973,-3.04,,2016-06,518.00M,518.00M,0.06,,2016-06,AOR,Restated
2016-03,2.126B,2.126B,1.686B,440.00M,,194.00M,194.00M,,,,-3.282B,,159.00M,,-164.00M,464.00M,658.00M,-218.00M,,159.00M,-164.00M,-3.303B,-164.00M,-3.685B,-217.00M,,412.00M,,-3.056B,29.08M,-3.526B,,2016-03,-6.44,,-6.44,,2016-03,,0.0686,-6.44,,2016-03,474.00M,474.00M,0.24,,2016-03,AOR,Restated
2015-12,2.886B,2.886B,5.18B,-2.294B,,532.00M,532.00M,,,,-2.253B,,146.00M,,-141.00M,-1.153B,-621.00M,-1.673B,,146.00M,-141.00M,-2.318B,-141.00M,-4.132B,-778.00M,,380.00M,,-2.974B,-1.145B,-3.986B,,2015-12,-11.12,,-11.12,,2015-12,,-6.660,-11.12,,2015-12,410.00M,410.00M,0.24,,2015-12,AOR,Restated
2015-09,3.601B,3.601B,2.472B,1.129B,,198.00M,198.00M,,,,-5.851B,,130.00M,2.00M,-136.00M,524.00M,722.00M,407.00M,2.00M,130.00M,-136.00M,-5.894B,-136.00M,-5.623B,-1.714B,,402.00M,,-3.507B,588.70M,-5.493B,,2015-09,-8.64,,-8.64,,2015-09,,1.448,-8.64,,2015-09,406.00M,406.00M,0.24,,2015-09,AOR,Restated
2015-06,3.393B,3.393B,2.793B,600.00M,,212.00M,212.00M,,,,-4.168B,,121.00M,1.00M,-125.00M,583.00M,795.00M,-195.00M,1.00M,121.00M,-125.00M,-4.159B,-125.00M,-4.479B,-1.686B,,-23.00M,,-2.816B,-231.84M,-4.358B,,2015-06,-6.94,,-6.94,,2015-06,,-0.5751,-6.94,,2015-06,406.00M,406.00M,0.24,,2015-06,AOR,Restated
2015-03,3.265B,3.265B,2.477B,788.00M,,251.00M,251.00M,,,,-5.46B,,116.00M,2.00M,-117.00M,572.00M,823.00M,-35.00M,2.00M,116.00M,-117.00M,-5.472B,-117.00M,-5.624B,-2.035B,,-10.00M,,-3.599B,-104.60M,-5.508B,,2015-03,-8.88,,-8.88,,2015-03,,-0.2731,-8.88,,2015-03,406.00M,406.00M,0.24,,2015-03,AOR,Restated
2014-12,5.995B,5.995B,2.741B,3.254B,,252.00M,252.00M,,,,-2.003B,,131.00M,,-119.00M,587.00M,839.00M,2.415B,,131.00M,-119.00M,-2.005B,-119.00M,291.00M,670.00M,,-29.00M,,-408.00M,893.95M,422.00M,,2014-12,0.00,-1.01,-1.01,,2014-12,,2.165,-1.01,,2014-12,408.00M,410.00M,0.24,,2014-12,AOR,Restated
2014-09,5.336B,5.336B,2.763B,2.573B,,195.00M,195.00M,,,,-2.00M,,112.00M,2.00M,-116.00M,602.00M,797.00M,1.776B,2.00M,112.00M,-116.00M,-6.00M,-116.00M,1.654B,613.00M,,-25.00M,,1.016B,1.017B,1.766B,,2014-09,2.48,,2.48,,2014-09,,2.473,2.47,,2014-09,405.00M,407.00M,0.24,,2014-09,AOR,Restated
2014-06,4.51B,4.51B,2.984B,1.526B,,189.00M,189.00M,,,,1.052B,,122.00M,2.00M,-131.00M,615.00M,804.00M,722.00M,2.00M,122.00M,-131.00M,963.00M,-131.00M,1.554B,854.00M,,-25.00M,,675.00M,-8.80M,1.676B,,2014-06,1.65,,1.65,,2014-06,,-0.0442,1.64,,2014-06,404.00M,406.00M,0.24,,2014-06,AOR,Restated
2014-03,3.725B,3.725B,2.181B,1.544B,,211.00M,211.00M,,,,-22.00M,,109.00M,3.00M,-112.00M,621.00M,832.00M,712.00M,3.00M,109.00M,-112.00M,-40.00M,-112.00M,560.00M,231.00M,,-5.00M,,324.00M,338.30M,669.00M,,2014-03,0.80,,0.80,,2014-03,,0.8253,0.79,,2014-03,403.00M,405.00M,0.22,,2014-03,AOR,Restated
2013-12,2.624B,2.624B,1.244B,1.38B,,157.00M,157.00M,,,,-18.00M,,98.00M,4.00M,-111.00M,614.00M,771.00M,609.00M,4.00M,98.00M,-111.00M,-23.00M,-111.00M,475.00M,268.00M,,,,207.00M,218.70M,573.00M,,2013-12,0.51,0.00,0.51,,2013-12,,0.5391,0.51,,2013-12,402.00M,402.00M,0.22,,2013-12,AOR,Restated
2013-09,2.714B,2.714B,1.189B,1.525B,,143.00M,143.00M,,,,-22.00M,,101.00M,4.00M,-100.00M,627.00M,770.00M,755.00M,4.00M,101.00M,-100.00M,-16.00M,-100.00M,639.00M,210.00M,,0.00,,429.00M,443.74M,740.00M,,2013-09,1.06,,1.06,,2013-09,,1.087,1.05,,2013-09,402.00M,403.00M,0.22,,2013-09,AOR,Restated
2013-06,3.088B,3.088B,1.181B,1.907B,,167.00M,167.00M,,,,-49.00M,,104.00M,5.00M,-103.00M,591.00M,758.00M,1.149B,5.00M,104.00M,-103.00M,-49.00M,-103.00M,997.00M,314.00M,,0.00,,683.00M,716.32M,1.101B,,2013-06,1.69,,1.69,,2013-06,,1.763,1.68,,2013-06,402.00M,403.00M,0.22,,2013-06,AOR,Restated
2013-03,1.971B,1.971B,1.18B,791.00M,,150.00M,150.00M,,,,-1.951B,,107.00M,7.00M,-103.00M,547.00M,697.00M,94.00M,7.00M,107.00M,-103.00M,-1.953B,-103.00M,-1.962B,-623.00M,,0.00,,-1.339B,-12.32M,-1.855B,,2013-03,-3.34,,-3.34,,2013-03,,-0.0398,-3.34,,2013-03,402.00M,402.00M,0.20,,2013-03,AOR,Restated
2012-12,2.58B,2.58B,1.544B,1.036B,,198.00M,198.00M,,,,-957.00M,,106.00M,12.00M,-98.00M,557.00M,449.00M,587.00M,12.00M,106.00M,-98.00M,-990.00M,-98.00M,-501.00M,-144.00M,,,,-357.00M,324.93M,-395.00M,,2012-12,-0.89,0.00,-0.89,,2012-12,,0.8148,-0.89,,2012-12,400.00M,400.00M,0.20,,2012-12,AOR,Restated
2012-09,1.865B,1.865B,1.029B,836.00M,,150.00M,150.00M,,,,-1.128B,104.00M,108.00M,8.00M,-102.00M,540.00M,794.00M,42.00M,8.00M,108.00M,-102.00M,-1.101B,-102.00M,-1.161B,-442.00M,,,,-719.00M,-21.50M,-1.053B,,2012-09,-1.80,0.00,-1.80,,2012-09,,-0.0562,-1.80,,2012-09,400.00M,400.00M,0.20,,2012-09,AOR,Restated
2012-06,2.559B,2.559B,893.00M,1.666B,,176.00M,176.00M,,,,0.00,100.00M,95.00M,9.00M,-90.00M,541.00M,817.00M,849.00M,9.00M,95.00M,-90.00M,-25.00M,-90.00M,734.00M,257.00M,,,,477.00M,490.00M,829.00M,,2012-06,1.18,0.00,1.18,,2012-06,,1.212,1.18,,2012-06,400.00M,400.00M,0.20,,2012-06,AOR,Restated
2012-03,2.497B,2.497B,1.005B,1.492B,,168.00M,168.00M,,,,0.00,102.00M,83.00M,7.00M,-80.00M,541.00M,811.00M,681.00M,7.00M,83.00M,-80.00M,10.00M,-80.00M,611.00M,197.00M,,,,393.00M,411.28M,694.00M,,2012-03,1.03,-0.06,0.97,,2012-03,,1.023,0.97,,2012-03,400.00M,401.00M,0.20,,2012-03,AOR,Restated
2011-12,3.562B,3.562B,1.732B,1.83B,,,182.00M,,,,88.00M,,72.00M,,-61.00M,,64.00M,1.766B,,72.00M,-61.00M,-911.00M,-61.00M,794.00M,273.00M,,,,507.00M,463.26M,866.00M,,2011-12,1.29,0.03,1.32,,2011-12,,1.136,1.32,,2011-12,397.00M,402.00M,0.17,,2011-12,AOR,Restated
2011-09,2.764B,2.764B,990.00M,1.774B,,,138.00M,,,,-58.00M,108.00M,104.00M,,-104.00M,,812.00M,962.00M,,104.00M,-104.00M,680.00M,-104.00M,1.538B,498.00M,,,,1.038B,580.18M,1.642B,,2011-09,2.51,0.00,2.51,,2011-09,,1.381,2.50,,2011-09,410.00M,411.00M,0.17,,2011-09,AOR,Restated
2011-06,2.804B,2.804B,909.00M,1.895B,,,135.00M,,,,-43.00M,120.00M,85.00M,,-85.00M,,805.00M,1.09B,,85.00M,-85.00M,373.00M,-85.00M,1.378B,1.194B,,,,2.743B,-58.45M,1.463B,,2011-06,0.44,6.06,6.50,,2011-06,,-0.1486,6.48,,2011-06,417.00M,419.00M,0.17,,2011-06,AOR,Restated
2011-03,2.315B,2.315B,757.00M,1.558B,,,130.00M,,,,15.00M,108.00M,81.00M,,-81.00M,,744.00M,814.00M,,81.00M,-81.00M,-153.00M,-81.00M,580.00M,191.00M,,,,416.00M,491.62M,661.00M,,2011-03,0.91,0.06,0.97,,2011-03,,1.151,0.97,,2011-03,423.00M,425.00M,0.16,,2011-03,AOR,Restated
2010-12,3.009B,3.009B,1.003B,2.006B,,,164.00M,,,,-55.00M,92.00M,-69.00M,,70.00M,1.71B,525.00M,1.481B,,-69.00M,70.00M,-812.00M,70.00M,668.00M,190.00M,,,,562.00M,1.128B,599.00M,,2010-12,1.11,0.22,1.33,,2010-12,,2.557,1.32,,2010-12,449.00M,449.00M,0.16,,2010-12,AOR,Restated
2010-09,2.144B,2.144B,751.00M,1.393B,,,131.00M,,,,-54.00M,95.00M,139.00M,,-139.00M,21.00M,710.00M,683.00M,,139.00M,-139.00M,134.00M,-139.00M,699.00M,270.00M,,,,2.09B,333.87M,838.00M,,2010-09,0.99,3.82,4.81,,2010-09,,0.7593,4.79,,2010-09,430.00M,431.00M,0.16,,2010-09,AOR,Restated
2010-06,2.187B,2.187B,722.00M,1.465B,,,130.00M,,,,30.00M,92.00M,192.00M,,-192.00M,24.00M,735.00M,730.00M,,192.00M,-192.00M,75.00M,-192.00M,613.00M,261.00M,,,,706.00M,303.25M,805.00M,,2010-06,0.79,0.80,1.59,,2010-06,,0.6795,1.58,,2010-06,440.00M,441.00M,0.16,,2010-06,AOR,Restated
2010-03,2.60B,2.60B,811.00M,1.789B,,,138.00M,,,,4.00M,101.00M,71.00M,,-71.00M,26.00M,754.00M,1.035B,,71.00M,-71.00M,624.00M,-71.00M,1.588B,514.00M,,,,1.192B,651.97M,1.659B,,2010-03,2.40,0.27,2.67,,2010-03,,1.437,2.66,,2010-03,441.00M,443.00M,0.16,,2010-03,AOR,Restated
2009-12,2.061B,2.061B,731.00M,1.33B,,,176.00M,,,,-126.00M,65.00M,-20.00M,,28.00M,23.00M,750.00M,580.00M,,-20.00M,28.00M,167.00M,28.00M,866.00M,309.00M,,,,667.00M,638.04M,846.00M,,2009-12,1.26,0.25,1.51,,2009-12,,1.437,1.51,,2009-12,459.00M,459.00M,0.16,,2009-12,AOR,Restated
2009-09,1.848B,1.848B,657.00M,1.191B,,,136.00M,,,,97.00M,81.00M,90.00M,,-90.00M,22.00M,727.00M,464.00M,,90.00M,-90.00M,97.00M,-90.00M,471.00M,89.00M,,,,499.00M,303.33M,561.00M,,2009-09,0.86,0.27,1.13,,2009-09,,0.6816,1.12,,2009-09,439.00M,441.00M,0.16,,2009-09,AOR,Restated
2009-06,1.822B,1.822B,640.00M,1.182B,,,173.00M,,,,-14.00M,79.00M,90.00M,,-90.00M,23.00M,779.00M,403.00M,,90.00M,-90.00M,-14.00M,-90.00M,299.00M,109.00M,,,,314.00M,198.90M,389.00M,,2009-06,0.43,0.28,0.71,,2009-06,,0.4402,0.70,,2009-06,439.00M,441.00M,0.16,,2009-06,AOR,Restated
2009-03,1.746B,1.90B,664.00M,1.236B,,,163.00M,,,,-23.00M,89.00M,83.00M,,-83.00M,6.41B,7.292B,-6.056B,,83.00M,-83.00M,-23.00M,-83.00M,-6.162B,-2.28B,,,,-3.959B,-3.868B,-6.079B,,2009-03,-8.74,-0.18,-8.92,,2009-03,,-8.707,-8.92,,2009-03,439.00M,439.00M,0.16,,2009-03,AOR,Restated
2008-12,1.511B,1.357B,479.00M,878.00M,,,171.00M,,,,-179.00M,14.00M,68.00M,,-14.00M,9.811B,10.73B,-9.855B,,68.00M,-14.00M,-179.00M,-14.00M,-10.05B,-3.255B,,,0.00,-6.816B,-6.672B,-9.98B,,2008-12,-15.31,-0.04,-15.35,,2008-12,,-15.03,-15.35,,2008-12,436.00M,436.00M,0.16,,2008-12,,Restated
2008-09,5.978B,5.978B,1.043B,4.935B,,,146.00M,,,,37.00M,152.00M,69.00M,,-69.00M,22.00M,1.168B,3.767B,,69.00M,-69.00M,37.00M,-69.00M,3.735B,1.226B,,,,2.618B,2.484B,3.804B,,2008-09,5.68,0.25,5.93,,2008-09,,5.584,5.88,,2008-09,438.00M,441.00M,0.16,,2008-09,,Restated
2008-06,3.548B,3.548B,1.052B,2.496B,,,180.00M,,,,57.00M,176.00M,90.00M,,-90.00M,22.00M,1.202B,1.294B,,90.00M,-90.00M,57.00M,-90.00M,1.261B,667.00M,,,3.00M,1.301B,556.95M,1.351B,,2008-06,1.33,1.58,2.91,,2008-06,,1.227,2.88,,2008-06,442.00M,446.00M,0.16,,2008-06,,Restated
2008-03,2.975B,2.975B,888.00M,2.087B,,,148.00M,,,,-39.00M,134.00M,,,,-950.00M,126.00M,1.961B,,,,-39.00M,,892.00M,241.00M,,,2.00M,749.00M,679.46M,1.961B,,2008-03,1.46,0.22,1.68,,2008-03,,1.503,1.66,,2008-03,445.00M,449.00M,0.16,,2008-03,,
2007-12,3.197B,3.197B,1.729B,1.468B,,,-781.00M,,,,-176.00M,85.00M,,,,,79.00M,1.389B,,,,-176.00M,,1.271B,167.00M,,,3.00M,1.316B,1.257B,1.389B,,2007-12,2.48,0.47,2.95,,2007-12,,2.790,2.93,,2007-12,445.00M,450.00M,0.14,,2007-12,,
2007-09,2.763B,2.763B,457.00M,2.306B,,,424.00M,,,,28.00M,85.00M,,,,,1.265B,1.041B,,,,28.00M,,961.00M,317.00M,,,2.00M,735.00M,625.24M,1.041B,,2007-09,1.45,0.20,1.65,,2007-09,,1.388,1.63,,2007-09,445.00M,450.00M,0.14,,2007-09,,
2007-06,2.929B,2.929B,780.00M,2.149B,,,113.00M,,,,-27.00M,90.00M,,,,,897.00M,1.252B,,,,-27.00M,,1.154B,330.00M,,,3.00M,904.00M,843.28M,1.252B,,2007-06,1.84,0.18,2.02,,2007-06,,1.863,2.00,,2007-06,446.00M,450.00M,0.14,,2007-06,,
2007-03,2.473B,2.473B,700.00M,1.773B,,,119.00M,,,,-11.00M,80.00M,,,,-1.016B,-184.00M,1.957B,,,,-11.00M,,838.00M,264.00M,,,2.00M,651.00M,581.53M,1.957B,,2007-03,1.29,0.17,1.46,,2007-03,,1.287,1.44,,2007-03,444.00M,450.00M,0.14,,2007-03,,
2006-12,2.418B,2.418B,1.625B,793.00M,,,-963.00M,,,,-415.00M,80.00M,,,,,-259.00M,1.052B,,,,-415.00M,,714.00M,212.00M,,,3.00M,-1.55B,793.78M,1.052B,,2006-12,1.13,0.18,1.31,,2006-12,,1.757,1.29,,2006-12,445.00M,451.00M,0.1125,,2006-12,,
2006-09,2.499B,2.499B,363.00M,2.136B,,,459.00M,,,,28.00M,92.00M,,,,,1.141B,995.00M,,,,28.00M,,911.00M,258.00M,,,2.00M,705.00M,632.93M,995.00M,,2006-09,1.47,0.12,1.59,,2006-09,,1.405,1.57,,2006-09,441.00M,447.00M,0.1125,,2006-09,,
2006-06,2.35B,2.35B,627.00M,1.723B,,,90.00M,,,,-88.00M,86.00M,,,,,709.00M,1.014B,,,,-88.00M,,865.00M,102.00M,,,3.00M,859.00M,840.62M,1.014B,,2006-06,1.73,0.21,1.94,,2006-06,,1.884,1.92,,2006-06,440.00M,446.00M,0.1125,,2006-06,,
2006-03,2.50B,2.50B,669.00M,1.831B,,,90.00M,,,,-3.00M,83.00M,,,,,657.00M,1.174B,,,,-3.00M,,1.08B,364.00M,,,2.00M,700.00M,717.99M,1.174B,,2006-03,1.61,-0.03,1.58,,2006-03,,1.594,1.56,,2006-03,442.00M,449.00M,0.1125,,2006-03,,
2005-12,2.504B,2.504B,1.581B,923.00M,,,-836.00M,,,,-139.00M,101.00M,,,,,-458.00M,1.381B,,,,-139.00M,,1.316B,379.00M,,,3.00M,970.00M,1.036B,1.381B,,2005-12,2.09,0.07,2.16,,2005-12,,2.252,2.11,,2005-12,443.00M,467.00M,0.075,,2005-12,,
2005-09,2.704B,2.704B,319.00M,2.385B,,,364.00M,,,,-104.00M,81.00M,,,,,978.00M,1.407B,,,,-104.00M,,1.139B,395.00M,,,2.00M,744.00M,811.93M,1.407B,,2005-09,1.66,0.00,1.66,,2005-09,,1.780,1.63,,2005-09,446.00M,454.00M,0.075,,2005-09,,
2005-06,2.468B,2.468B,634.00M,1.834B,,,78.00M,,,,-1.00M,75.00M,,,,,688.00M,1.146B,,,,-1.00M,,1.01B,357.00M,,,3.00M,653.00M,653.65M,1.146B,,2005-06,1.40,0.00,1.40,,2005-06,,1.381,1.38,,2005-06,464.00M,471.00M,0.075,,2005-06,,
2005-03,2.351B,2.351B,679.00M,1.672B,,,58.00M,,,,62.00M,78.00M,,,,,715.00M,957.00M,,,,62.00M,,913.00M,350.00M,,,2.00M,563.00M,524.77M,957.00M,,2005-03,1.17,0.00,1.17,,2005-03,,1.063,1.14,,2005-03,480.00M,496.00M,0.075,,2005-03,,
2004-12,2.362B,2.362B,1.659B,703.00M,,,-910.00M,,,,-75.00M,73.00M,,,,,-308.00M,1.011B,,,,-75.00M,,911.00M,243.00M,,,3.00M,673.00M,722.99M,1.011B,,2004-12,1.37,0.01,1.38,,2004-12,,1.440,1.34,,2004-12,482.00M,502.00M,0.05,,2004-12,,
2004-09,2.267B,2.267B,323.00M,1.944B,,,389.00M,,,,-9.00M,48.00M,,,,,1.009B,935.00M,,,,-9.00M,,817.00M,300.00M,,,2.00M,517.00M,522.70M,935.00M,,2004-09,1.06,0.00,1.06,,2004-09,,1.041,1.03,,2004-09,485.00M,500.00M,0.05,,2004-09,,
2004-06,2.219B,2.219B,306.00M,1.913B,,,379.00M,,,,-5.00M,71.00M,,,,,1.002B,911.00M,,,,-5.00M,,772.00M,270.00M,,,3.00M,502.00M,505.25M,911.00M,,2004-06,1.04,0.00,1.04,,2004-06,,1.017,1.01,,2004-06,482.00M,498.00M,0.05,,2004-06,,
2004-03,2.238B,2.238B,310.00M,1.928B,,,409.00M,,,,9.00M,62.00M,,,,,1.043B,885.00M,,,,9.00M,,776.00M,282.00M,,,2.00M,494.00M,488.27M,885.00M,,2004-03,1.03,0.00,1.03,,2004-03,,0.9884,1.00,,2004-03,478.00M,493.00M,0.05,,2004-03,,
2003-12,1.92B,1.92B,303.00M,1.617B,,,359.00M,,,,-75.00M,52.00M,,,,,974.00M,643.00M,,,,-75.00M,,418.00M,-125.00M,0.00,,3.00M,543.00M,588.00M,643.00M,,2003-12,1.145,0.03,1.175,,2003-12,-0.0016,1.219,1.16,,2003-12,468.00M,478.00M,0.025,,2003-12,,
2003-09,1.948B,1.948B,295.00M,1.653B,,,347.00M,,,,-16.00M,54.00M,,,,,909.00M,744.00M,,,,-16.00M,,618.00M,206.00M,,,2.00M,412.00M,422.67M,744.00M,,2003-09,0.88,0.00,0.88,,2003-09,,0.8771,0.855,,2003-09,464.00M,482.00M,0.025,,2003-09,,
2003-06,1.813B,1.813B,274.00M,1.539B,,,370.00M,,,,19.00M,51.00M,,,,,848.00M,691.00M,,,,19.00M,,589.00M,233.00M,,,3.00M,356.00M,344.52M,691.00M,,2003-06,0.835,0.00,0.835,,2003-06,,0.7840,0.81,,2003-06,424.00M,442.00M,0.025,,2003-06,,
2003-03,1.671B,1.671B,206.00M,1.465B,,,405.00M,,,,48.00M,47.00M,,,,22.00M,770.00M,695.00M,,,,48.00M,,620.00M,200.00M,16.00M,,2.00M,436.00M,387.48M,695.00M,,2003-03,1.33,0.00,1.38,,2003-03,0.0491,1.185,1.335,,2003-03,314.00M,326.00M,0.025,,2003-03,,
2002-12,1.233B,1.233B,192.00M,1.041B,,,317.00M,,,,-369.00M,31.00M,,,,,643.00M,398.00M,,,,-369.00M,,74.00M,-21.00M,,,3.00M,84.00M,316.40M,398.00M,,2002-12,0.30,-0.035,0.265,,2002-12,,0.9833,0.265,,2002-12,316.00M,324.00M,0.025,,2002-12,,
2002-09,1.031B,1.031B,191.00M,840.00M,,,259.00M,,,,6.00M,25.00M,,,,,566.00M,274.00M,,,,6.00M,,150.00M,38.00M,,,2.00M,64.00M,107.52M,274.00M,,2002-09,0.35,-0.16,0.19,,2002-09,,0.3258,0.185,,2002-09,312.00M,316.00M,0.025,,2002-09,,
2002-06,1.149B,1.149B,200.00M,949.00M,,,276.00M,,,,-1.254B,33.00M,,,,,632.00M,317.00M,,,,-1.254B,,-434.00M,-228.00M,,,3.00M,-104.00M,546.40M,317.00M,,2002-06,-0.665,0.325,-0.34,,2002-06,,1.643,-0.34,,2002-06,314.00M,326.00M,0.025,,2002-06,,
2002-03,903.00M,903.00M,192.00M,711.00M,,,175.00M,,,,-4.00M,22.00M,,,,-1.00M,507.00M,204.00M,,,,-4.00M,,76.00M,18.00M,,,2.00M,62.00M,61.05M,204.00M,,2002-03,0.19,0.015,0.205,,2002-03,,0.1952,0.20,,2002-03,296.00M,300.00M,0.025,,2002-03,,
2001-12,663.00M,663.00M,176.00M,487.00M,,,52.00M,287.00M,9.00M,,-1.762B,22.00M,,,,,370.00M,117.00M,,,,-1.762B,,-855.00M,-350.00M,0.00,,3.00M,-518.00M,552.20M,117.00M,,2001-12,-1.985,-0.05,-2.03,,2001-12,0.0004,2.171,-2.03,,2001-12,254.36M,254.36M,0.025,,2001-12,,
2001-09,536.00M,536.00M,127.00M,409.00M,,,31.00M,195.00M,8.00M,,-13.00M,21.00M,,,,,255.00M,154.00M,,,,-13.00M,,115.00M,45.00M,,,2.00M,85.00M,77.91M,154.00M,,2001-09,0.265,0.06,0.325,,2001-09,,0.2951,0.32,,2001-09,252.67M,263.15M,0.025,,2001-09,,
2001-06,725.16M,725.16M,133.87M,591.29M,,,24.63M,184.70M,8.461M,,-146.42M,29.55M,,,,,247.34M,343.95M,,,,-146.42M,,240.06M,103.67M,,,2.434M,136.39M,224.24M,343.95M,,2001-06,0.515,0.00,0.515,,2001-06,,0.8191,0.4947,,2001-06,258.98M,270.81M,0.025,,2001-06,,
2001-03,1.031B,1.031B,140.00M,891.00M,,,38.00M,183.00M,8.00M,,-6.00M,45.00M,,,,,274.00M,617.00M,,,,-6.00M,,577.00M,226.00M,49.00M,,2.00M,400.00M,354.65M,617.00M,,2001-03,1.35,0.19,1.54,,2001-03,0.1810,1.308,1.48,,2001-03,258.06M,270.72M,0.025,,2001-03,,
2000-12,652.96M,652.96M,75.64M,577.32M,,,49.82M,154.35M,9.943M,,90.87M,33.36M,,,,,247.47M,329.85M,,,,90.87M,,332.89M,95.32M,,,2.699M,306.57M,172.71M,329.85M,,2000-12,0.93,0.265,1.195,,2000-12,,0.6468,1.15,,2000-12,253.61M,272.23M,0.025,,2000-12,,
2000-09,725.14M,725.14M,122.81M,602.33M,,,25.30M,170.15M,10.36M,,-114.47M,27.77M,,,,,233.59M,368.74M,,,,-114.47M,,271.06M,106.15M,,,2.433M,164.91M,234.55M,368.74M,,2000-09,0.635,0.00,0.635,,2000-09,,0.8691,0.61,,2000-09,255.71M,268.79M,0.025,,2000-09,,
2000-06,648.48M,648.48M,124.03M,524.45M,,,24.02M,172.25M,10.36M,,,22.47M,,,,,229.11M,295.34M,,,,,,254.47M,101.14M,,,2.434M,153.33M,153.33M,295.34M,,2000-06,0.595,0.00,0.595,,2000-06,,0.585,0.585,,2000-06,253.99M,258.91M,0.025,,2000-06,,
2000-03,560.42M,560.42M,118.52M,441.90M,,,24.85M,165.25M,10.33M,,-2.408M,19.40M,,,,,219.83M,222.06M,,,,-2.408M,,179.58M,74.39M,,,2.434M,105.19M,106.63M,222.06M,,2000-03,0.405,0.00,0.405,,2000-03,,0.4083,0.40,,2000-03,172.42M,174.07M,0.025,,2000-03,,
1999-12,528.67M,528.67M,133.33M,395.34M,,,27.19M,,,,-7.876M,19.63M,,,,,214.02M,181.31M,,,,-7.876M,,128.06M,53.20M,,0.288M,2.783M,79.06M,79.58M,181.31M,,1999-12,0.53,0.005,0.535,,1999-12,,0.5485,0.535,,1999-12,250.45M,255.44M,0.025,,1999-12,,
1999-09,376.55M,376.55M,82.85M,293.70M,,,26.04M,,,,0.33M,13.15M,,,,,175.17M,118.54M,,,,0.33M,,82.08M,31.23M,,-2.429M,1.217M,50.85M,50.65M,118.54M,,1999-09,0.25,0.00,0.25,,1999-09,,0.2390,0.24,,1999-09,198.36M,211.19M,0.025,,1999-09,,
1999-06,104.30M,104.30M,27.10M,77.20M,,,7.00M,,,,5.60M,3.40M,,,,,46.20M,31.00M,,,,5.60M,,27.10M,10.90M,,-2.40M,,16.20M,12.84M,31.00M,,1999-06,0.165,0.00,0.165,,1999-06,,0.1308,0.165,,1999-06,98.18M,98.18M,0.00,,1999-06,,
1999-03,87.30M,87.30M,27.40M,59.90M,,,6.20M,,,,3.20M,3.00M,,,,,42.80M,17.10M,,,,3.20M,,11.20M,5.20M,,-2.40M,,6.00M,4.08M,17.10M,,1999-03,0.06,0.00,0.06,,1999-03,,0.0402,0.06,,1999-03,96.94M,96.94M,0.025,,1999-03,,
1998-12,408.10M,408.10M,163.90M,244.20M,,,27.80M,,,,-182.60M,14.10M,,,,,192.10M,52.10M,,,,-182.60M,,-286.90M,-107.80M,,-2.40M,,-179.10M,-65.11M,52.10M,,1998-12,-1.07,0.00,-1.07,,1998-12,,0.6991,-1.07,,1998-12,64.43M,64.43M,0.025,,1998-12,,
1998-09,92.90M,92.90M,28.10M,64.80M,,,5.90M,,,,-264.70M,3.60M,,,,,41.30M,23.50M,,,,-264.70M,,-119.80M,-36.60M,,,,-83.20M,100.63M,23.50M,,1998-09,-0.86,0.00,-0.86,,1998-09,,1.980,-0.86,,1998-09,64.73M,64.73M,0.025,,1998-09,,
1998-06,104.80M,104.80M,28.30M,76.50M,,,6.10M,,,,-6.90M,3.90M,,,,,41.20M,35.30M,,,,-6.90M,,20.60M,8.40M,,-2.40M,,12.20M,16.34M,35.30M,,1998-06,0.125,0.00,0.125,,1998-06,,0.1885,0.125,,1998-06,65.16M,65.16M,0.025,,1998-06,,
