,OperatingRevenue,Revenue,CostofGoodsSold,GrossProfit,SG&AExpense,ResearchandDevelopmentExpense,SpecialIncomeandCharges,OperatingInterestExpense,NetOperatingInterestIncome,OtherOperatingExpenses,TotalOperatingExpenses,OperatingIncome,Non-OperatingInterestExpense,NetNon-OperatingInterestIncomeExpense,OtherIncomeandExpenses,NetInterestIncome,Pre-TaxIncome,ProvisionforIncomeTaxes,IncomefromContinuingOperations,IncomefromDiscontinuedOperations,"ExtraordinaryItems,IncomeStatement",IncomeAttributabletoMinorityInterest,PreferredStockDividend,NetIncome,NormalizedIncome,EBIT,,BasicEPS(Quarterly),EPSBasicfromContinuingOperations,EPSBasicfromDiscontinuedOperations,EPSBasic,,DilutedEPS(Quarterly),EPSDilutedfromContinuingOperations,EPSDilutedfromDiscontinuedOperations,EPSDiluted,,SharesData(Quarterly),DividendPerShare,,SECFilingLinks,AsOriginallyReported,Restated
2020-09,798.50M,798.50M,521.10M,277.40M,130.00M,19.30M,0.00,5.40M,-5.40M,,149.30M,128.10M,5.40M,-5.40M,2.50M,-5.40M,125.20M,14.40M,110.80M,0.00,,,,110.80M,110.80M,130.60M,,2020-09,0.67,0.00,0.67,,2020-09,0.66,0.00,0.66,,2020-09,0.19,,2020-09,AOR,
2020-06,713.30M,713.30M,468.20M,245.10M,116.70M,17.30M,-0.10M,7.70M,-7.70M,,134.00M,111.10M,7.70M,-7.70M,0.20M,-7.70M,103.60M,29.80M,73.80M,-1.70M,,,,72.10M,73.87M,111.30M,,2020-06,0.44,-0.01,0.43,,2020-06,0.44,-0.01,0.43,,2020-06,0.19,,2020-06,AOR,
2020-03,710.00M,710.00M,458.40M,251.60M,131.90M,19.00M,0.00,6.90M,-6.90M,,150.90M,100.70M,6.90M,-6.90M,-1.20M,-6.90M,92.60M,19.90M,72.70M,0.00,,,,72.70M,72.70M,99.50M,,2020-03,0.43,0.00,0.43,,2020-03,0.43,0.00,0.43,,2020-03,0.19,,2020-03,AOR,
2019-12,755.20M,755.20M,481.00M,274.20M,134.20M,17.70M,-1.10M,6.50M,-6.50M,,151.90M,122.30M,6.50M,-6.50M,-9.90M,-6.50M,105.90M,3.00M,102.90M,-5.10M,,,,97.80M,103.97M,112.40M,,2019-12,0.61,-0.03,0.58,,2019-12,0.61,-0.03,0.58,,2019-12,0.18,,2019-12,AOR,
2019-09,713.60M,713.60M,458.60M,255.00M,126.40M,19.80M,-0.10M,6.90M,-6.90M,,146.20M,108.80M,6.90M,-6.90M,-0.70M,-6.90M,101.20M,9.90M,91.30M,1.00M,,,,92.30M,91.39M,108.10M,,2019-09,0.54,0.01,0.55,,2019-09,0.54,0.01,0.55,,2019-09,0.18,,2019-09,AOR,Restated
2019-06,799.50M,799.50M,512.80M,286.70M,132.20M,20.70M,-0.10M,9.40M,-9.40M,,152.90M,133.80M,9.40M,-9.40M,12.80M,-9.40M,137.20M,22.10M,115.10M,-0.80M,,,,114.30M,115.18M,146.60M,,2019-06,0.68,-0.01,0.67,,2019-06,0.68,-0.01,0.67,,2019-06,0.18,,2019-06,AOR,Restated
2019-03,688.90M,688.90M,453.30M,235.60M,147.30M,20.70M,3.50M,7.30M,-7.30M,,168.00M,67.60M,7.30M,-7.30M,2.90M,-7.30M,63.20M,10.80M,52.40M,-1.10M,,,,51.30M,49.50M,70.50M,,2019-03,0.31,-0.01,0.30,,2019-03,0.30,-0.01,0.30,,2019-03,0.18,,2019-03,AOR,Restated
2018-12,740.50M,740.50M,472.50M,268.00M,135.30M,19.70M,-0.90M,4.70M,-4.70M,,155.00M,113.00M,4.70M,-4.70M,-2.50M,-4.70M,105.80M,11.60M,94.20M,-1.30M,,,,92.90M,95.00M,110.50M,,2018-12,0.55,-0.01,0.54,,2018-12,0.54,-0.01,0.53,,2018-12,0.175,,2018-12,AOR,Restated
2018-09,711.40M,711.40M,467.60M,243.80M,116.30M,19.10M,-0.20M,4.30M,-4.30M,,135.40M,108.40M,4.30M,-4.30M,-2.30M,-4.30M,101.80M,10.60M,91.20M,18.90M,,,,110.10M,91.38M,106.10M,,2018-09,0.52,0.11,0.63,,2018-09,0.52,0.11,0.63,,2018-09,0.175,,2018-09,AOR,Restated
2018-06,780.60M,780.60M,498.00M,282.60M,140.90M,19.10M,-18.00M,10.10M,-10.10M,,160.00M,122.60M,10.10M,-10.10M,-13.80M,-10.10M,98.70M,20.80M,77.90M,-36.40M,,,,41.50M,92.10M,108.80M,,2018-06,0.44,-0.21,0.23,,2018-06,0.44,-0.21,0.23,,2018-06,0.35,,2018-06,AOR,Restated
2018-03,732.60M,732.60M,479.30M,253.30M,141.80M,18.80M,-5.30M,13.50M,-13.50M,,160.60M,92.70M,13.50M,-13.50M,-5.70M,-13.50M,73.50M,15.10M,58.40M,44.50M,,,,102.90M,62.61M,87.00M,,2018-03,0.33,0.24,0.57,,2018-03,0.32,0.24,0.57,,2018-03,0.35,,2018-03,AOR,Restated
2017-12,720.80M,720.80M,467.10M,253.70M,149.80M,18.50M,-0.40M,13.10M,-13.10M,,168.30M,85.40M,13.10M,-13.10M,-9.80M,-13.10M,62.50M,6.60M,55.90M,133.70M,,,,189.60M,56.26M,75.60M,,2017-12,1.12,-0.07,1.05,,2017-12,1.11,-0.07,1.04,,2017-12,0.345,,2017-12,AOR,Restated
2017-09,687.60M,687.60M,451.10M,236.50M,116.80M,17.90M,-3.80M,13.90M,-13.90M,,134.70M,101.80M,13.90M,-13.90M,-4.90M,-13.90M,83.00M,34.10M,48.90M,76.50M,,,,125.40M,51.18M,96.90M,,2017-09,0.27,0.42,0.69,,2017-09,0.27,0.41,0.68,,2017-09,0.345,,2017-09,AOR,Restated
2017-06,754.00M,754.00M,480.40M,273.60M,126.70M,17.70M,-101.40M,25.30M,-25.30M,,144.40M,129.20M,25.30M,-25.30M,-102.30M,-25.30M,1.60M,5.00M,-3.40M,267.10M,,,,263.70M,57.44M,26.90M,,2017-06,-0.02,1.47,1.45,,2017-06,-0.02,1.45,1.43,,2017-06,0.345,,2017-06,AOR,Restated
2017-03,1.184B,1.184B,761.20M,422.30M,251.70M,30.00M,,35.00M,-35.00M,,281.70M,140.60M,35.00M,-35.00M,-2.00M,-35.00M,103.60M,22.90M,80.70M,7.10M,,,,87.80M,80.70M,138.60M,,2017-03,0.44,0.04,0.48,,2017-03,0.44,0.04,0.48,,2017-03,0.345,,2017-03,AOR,Restated
2016-12,-921.30M,-921.30M,-526.40M,-394.90M,-196.80M,-13.60M,-3.90M,34.20M,-34.20M,,-210.40M,-184.50M,34.20M,-34.20M,3.90M,-34.20M,-214.80M,-51.00M,-163.80M,294.80M,,,,131.00M,-160.83M,-180.60M,,2016-12,0.60,0.12,0.72,,2016-12,0.60,0.11,0.71,,2016-12,0.34,,2016-12,AOR,Restated
2016-09,1.211B,1.211B,769.80M,440.90M,228.40M,29.70M,0.00,34.30M,-34.30M,,258.10M,182.80M,34.30M,-34.30M,1.20M,-34.30M,149.70M,32.20M,117.50M,23.50M,,,,141.00M,117.50M,184.00M,,2016-09,0.65,0.13,0.78,,2016-09,0.64,0.13,0.77,,2016-09,0.34,,2016-09,AOR,Restated
2016-06,1.301B,1.301B,819.40M,481.80M,249.70M,28.70M,0.00,35.40M,-35.40M,,278.40M,203.40M,35.40M,-35.40M,1.10M,-35.40M,169.10M,36.40M,132.70M,10.10M,,,,142.80M,132.70M,204.50M,,2016-06,0.73,0.06,0.79,,2016-06,0.73,0.05,0.78,,2016-06,0.33,,2016-06,AOR,Restated
2016-03,1.19B,1.19B,758.70M,431.30M,250.10M,28.50M,,36.20M,-36.20M,,278.60M,152.70M,36.20M,-36.20M,0.40M,-36.20M,116.90M,25.10M,91.80M,15.60M,,,,107.40M,91.80M,153.10M,,2016-03,0.50,0.09,0.59,,2016-03,0.50,0.09,0.59,,2016-03,0.33,,2016-03,AOR,Restated
2015-12,1.289B,1.289B,856.50M,432.50M,234.40M,26.40M,,39.10M,-34.40M,,260.80M,171.70M,39.10M,-34.40M,-3.00M,-34.40M,134.30M,30.30M,104.00M,-557.30M,,,,-453.30M,104.00M,173.40M,,2015-12,0.52,-0.01,0.51,,2015-12,0.51,-0.01,0.50,,2015-12,0.32,,2015-12,AOR,Restated
2015-09,1.113B,1.113B,718.10M,394.70M,217.00M,24.80M,,30.90M,-30.90M,,241.80M,152.90M,30.90M,-30.90M,0.20M,-30.90M,122.20M,27.50M,94.70M,20.50M,,,,115.20M,94.70M,153.10M,,2015-09,0.53,0.11,0.64,,2015-09,0.52,0.11,0.63,,2015-09,0.32,,2015-09,AOR,Restated
2015-06,1.661B,1.661B,1.095B,566.20M,319.30M,29.00M,,18.60M,-18.60M,,348.30M,217.90M,18.60M,-18.60M,0.60M,-18.60M,199.90M,46.00M,153.90M,-6.10M,,,,147.80M,153.90M,218.50M,,2015-06,0.85,-0.03,0.82,,2015-06,0.84,-0.03,0.81,,2015-06,0.32,,2015-06,AOR,Restated
2015-03,1.475B,1.475B,964.80M,510.20M,309.20M,29.80M,,18.20M,-18.20M,,339.00M,171.20M,18.20M,-18.20M,0.50M,-18.20M,153.50M,35.30M,118.20M,-4.30M,,,,113.90M,118.20M,171.70M,,2015-03,0.66,-0.03,0.63,,2015-03,0.65,-0.03,0.62,,2015-03,0.32,,2015-03,AOR,Restated
2014-12,-569.70M,-569.70M,-355.10M,-214.60M,-85.40M,8.20M,0.00,19.80M,-17.50M,,-77.20M,-137.40M,19.80M,-17.50M,0.30M,-17.50M,-154.60M,-34.00M,-120.60M,241.40M,,,,120.80M,-120.60M,-134.80M,,2014-12,0.75,-0.05,0.70,,2014-12,0.74,-0.05,0.69,,2014-12,0.30,,2014-12,AOR,Restated
2014-09,1.758B,1.758B,1.134B,624.70M,328.80M,28.50M,0.00,17.10M,-17.10M,,357.30M,267.40M,17.10M,-17.10M,0.30M,-17.10M,250.60M,58.10M,192.50M,-378.50M,,,,-186.00M,192.50M,267.70M,,2014-09,1.01,-1.99,-0.98,,2014-09,1.01,-1.99,-0.98,,2014-09,0.30,,2014-09,AOR,Restated
2014-06,1.834B,1.834B,1.188B,646.30M,389.70M,30.20M,-0.20M,17.90M,-17.90M,,419.90M,226.40M,17.90M,-17.90M,0.10M,-17.90M,208.60M,49.40M,159.20M,2.30M,,,,161.50M,159.35M,226.50M,,2014-06,0.82,0.02,0.84,,2014-06,0.81,0.01,0.82,,2014-06,0.25,,2014-06,AOR,Restated
2014-03,1.644B,1.644B,1.080B,564.10M,352.50M,29.50M,,16.10M,-16.10M,,382.00M,182.10M,16.10M,-16.10M,0.30M,-16.10M,166.30M,40.80M,125.50M,-6.90M,,,,118.60M,125.50M,182.40M,,2014-03,0.64,-0.04,0.60,,2014-03,0.63,-0.04,0.59,,2014-03,0.25,,2014-03,AOR,Restated
2013-12,1.831B,1.831B,1.200B,630.50M,350.20M,28.00M,-7.00M,21.50M,-17.10M,,378.20M,252.30M,21.50M,-17.10M,-6.70M,-17.10M,228.50M,64.10M,164.40M,-4.70M,,-1.50M,,158.20M,167.94M,250.00M,,2013-12,0.80,-0.01,0.80,,2013-12,0.78,-0.02,0.78,,2013-12,0.25,,2013-12,AOR,Restated
2013-09,1.713B,1.713B,1.099B,614.70M,353.40M,31.30M,0.10M,17.50M,-17.50M,,384.70M,230.00M,17.50M,-17.50M,0.60M,-17.50M,213.10M,46.70M,166.40M,7.80M,,-1.40M,,172.80M,164.92M,230.60M,,2013-09,0.83,0.04,0.87,,2013-09,0.81,0.04,0.85,,2013-09,0.25,,2013-09,AOR,Restated
2013-06,1.964B,1.964B,1.296B,667.40M,409.40M,32.10M,0.00,18.40M,-18.40M,,441.50M,225.90M,18.40M,-18.40M,0.90M,-18.40M,208.40M,53.00M,155.40M,,,-1.30M,,154.10M,154.10M,226.80M,,2013-06,0.76,,0.76,,2013-06,0.75,,0.75,,2013-06,0.23,,2013-06,AOR,Restated
2013-03,1.774B,1.774B,1.251B,523.80M,416.00M,33.50M,16.70M,17.00M,-17.00M,,449.50M,74.30M,17.00M,-17.00M,16.90M,-17.00M,74.20M,20.90M,53.30M,,,-1.60M,,51.70M,39.71M,91.20M,,2013-03,0.25,,0.25,,2013-03,0.25,,0.25,,2013-03,0.23,,2013-03,AOR,Restated
2012-12,1.642B,1.642B,1.247B,395.00M,569.20M,30.90M,-136.10M,20.70M,-18.70M,,600.10M,-205.10M,20.70M,-18.70M,-136.10M,-18.70M,-359.90M,-110.90M,-249.00M,,,1.60M,,-273.10M,-153.24M,-339.20M,,2012-12,-1.31,,-1.31,,2012-12,-1.31,,-1.31,,2012-12,0.22,,2012-12,AOR,Restated
2012-09,865.50M,865.50M,587.40M,278.10M,203.10M,19.80M,0.00,18.60M,-18.60M,,222.90M,55.20M,18.60M,-18.60M,0.60M,-18.60M,37.20M,4.60M,32.60M,,,-1.20M,,31.40M,31.40M,55.80M,,2012-09,0.31,,0.31,,2012-09,0.31,,0.31,,2012-09,0.22,,2012-09,AOR,Restated
2012-06,941.50M,941.50M,629.40M,312.10M,172.00M,20.80M,0.00,16.10M,-16.10M,,192.80M,119.30M,16.10M,-16.10M,0.60M,-16.10M,103.80M,29.40M,74.40M,,,-1.70M,,72.70M,72.70M,119.90M,,2012-06,0.73,,0.73,,2012-06,0.72,,0.72,,2012-06,0.22,,2012-06,AOR,Restated
2012-03,858.00M,858.00M,577.00M,281.00M,174.00M,21.00M,0.00,15.00M,-15.00M,,195.00M,86.00M,15.00M,-15.00M,2.00M,-15.00M,73.00M,10.00M,63.00M,,,-1.00M,,62.00M,62.00M,88.00M,,2012-03,0.63,,0.63,,2012-03,0.62,,0.62,,2012-03,0.22,,2012-03,AOR,Restated
2011-12,865.71M,865.71M,600.86M,264.84M,232.54M,20.10M,,,-17.59M,,252.64M,12.20M,,-17.59M,-200.08M,-17.59M,-205.47M,-30.05M,-175.42M,,,-0.42M,,-175.84M,-175.84M,-185.00M,,2011-12,-1.783,,-1.783,,2011-12,-1.783,,-1.783,,2011-12,0.20,,2011-12,AOR,Restated
2011-09,890.55M,890.55M,618.48M,272.06M,159.07M,20.09M,,,-17.37M,,179.16M,92.90M,,-17.37M,0.574M,-17.37M,76.10M,24.05M,52.05M,,,-0.962M,,51.09M,51.09M,92.90M,,2011-09,0.5173,,0.5173,,2011-09,0.5173,,0.5173,,2011-09,0.20,,2011-09,AOR,Restated
2011-06,910.18M,910.18M,622.44M,287.74M,158.43M,19.88M,,,-14.61M,,178.31M,109.42M,,-14.61M,0.672M,-14.61M,95.48M,27.34M,68.14M,,,-1.425M,,66.71M,66.71M,109.42M,,2011-06,0.6778,,0.6778,,2011-06,0.6778,,0.6778,,2011-06,0.20,,2011-06,AOR,Restated
2011-03,790.27M,790.27M,541.21M,249.06M,144.76M,18.12M,,9.325M,-9.325M,,162.88M,86.18M,9.325M,-9.325M,0.235M,-9.325M,77.09M,25.05M,52.03M,,,-1.493M,,50.54M,50.54M,86.41M,,2011-03,0.5135,,0.5135,,2011-03,0.5135,,0.5135,,2011-03,0.20,,2011-03,AOR,Restated
2010-12,753.86M,753.86M,521.63M,232.23M,157.71M,16.08M,,,-9.067M,,173.80M,58.43M,,-9.067M,0.302M,-9.067M,49.67M,13.01M,36.66M,-2.292M,,-0.909M,,33.46M,35.75M,61.80M,,2010-12,0.3633,-0.0233,0.3400,,2010-12,0.3633,-0.0233,0.3400,,2010-12,0.19,,2010-12,AOR,Restated
2010-09,773.74M,773.74M,537.19M,236.54M,128.85M,16.86M,,,-8.953M,,145.72M,90.82M,,-8.953M,0.347M,-8.953M,82.22M,26.49M,55.73M,0.549M,,-1.228M,,55.05M,54.50M,90.82M,,2010-09,0.5522,0.0056,0.5578,,2010-09,0.5522,0.0056,0.5578,,2010-09,0.19,,2010-09,AOR,Restated
2010-06,796.17M,796.17M,548.00M,248.17M,131.04M,17.00M,,,8.569M,,148.04M,100.13M,,8.569M,-1.375M,8.569M,92.93M,31.32M,61.61M,0.593M,,-1.124M,,61.08M,60.49M,100.13M,,2010-06,0.61,0.01,0.62,,2010-06,0.61,0.00,0.61,,2010-06,0.19,,2010-06,AOR,Restated
2010-03,707.01M,707.01M,493.31M,213.70M,132.89M,17.21M,,,9.527M,,150.10M,63.60M,,9.527M,-0.084M,9.527M,54.16M,18.13M,36.03M,0.524M,,-1.232M,,35.32M,34.80M,63.60M,,2010-03,0.35,0.01,0.36,,2010-03,0.35,0.01,0.36,,2010-03,0.19,,2010-03,AOR,Restated
2009-12,702.25M,702.25M,489.79M,212.46M,145.35M,14.62M,0.00,,-9.79M,,159.96M,52.49M,,-9.79M,-0.688M,-9.79M,42.01M,14.62M,27.39M,0.134M,,1.824M,,29.35M,29.22M,47.31M,,2009-12,0.30,0.00,0.30,,2009-12,0.29,0.00,0.29,,2009-12,0.18,,2009-12,AOR,Restated
2009-09,662.66M,662.66M,455.70M,206.97M,125.58M,14.71M,,,-9.711M,,140.28M,66.68M,,-9.711M,-0.135M,-9.711M,56.84M,18.16M,38.68M,-0.085M,,-1.644M,,36.95M,37.03M,66.68M,,2009-09,0.38,0.00,0.38,,2009-09,0.38,0.00,0.38,,2009-09,0.18,,2009-09,AOR,Restated
2009-06,693.71M,693.71M,497.23M,196.48M,119.10M,13.82M,4.804M,,9.833M,,132.92M,63.56M,,9.833M,5.083M,9.833M,48.64M,16.22M,32.43M,-0.078M,,-0.421M,,31.93M,28.80M,63.56M,,2009-06,0.33,0.00,0.33,,2009-06,0.33,0.00,0.33,,2009-06,0.18,,2009-06,AOR,Restated
2009-03,633.84M,633.84M,464.61M,169.23M,117.28M,14.74M,,,11.78M,,132.02M,37.21M,,11.78M,0.277M,11.78M,25.15M,7.432M,17.72M,0.01M,,-0.466M,,17.26M,17.26M,37.21M,,2009-03,0.18,0.00,0.18,,2009-03,0.18,0.00,0.18,,2009-03,0.18,,2009-03,AOR,Restated
2008-12,767.64M,767.64M,538.14M,229.49M,169.15M,15.15M,209.97M,,-105.13M,,184.30M,45.20M,,-105.13M,204.49M,-105.13M,30.74M,9.245M,21.49M,-16.57M,,-0.333M,,4.589M,-125.66M,149.12M,,2008-12,0.22,-0.17,0.05,,2008-12,0.22,-0.17,0.05,,2008-12,0.17,,2008-12,,Restated
2008-09,855.82M,855.82M,599.86M,255.95M,154.12M,16.22M,4.611M,,13.74M,,170.34M,85.61M,,13.74M,5.28M,13.74M,66.59M,21.59M,45.00M,-1.782M,,-2.10M,,41.12M,39.79M,85.61M,,2008-09,0.44,-0.02,0.42,,2008-09,0.43,-0.02,0.41,,2008-09,0.17,,2008-09,,Restated
2008-06,898.38M,898.38M,619.97M,278.41M,166.04M,15.82M,109.65M,,-15.86M,,181.86M,96.55M,,-15.86M,108.80M,-15.86M,189.49M,49.65M,139.84M,-1.102M,,0.00,,138.74M,58.92M,96.55M,,2008-06,1.43,-0.01,1.42,,2008-06,1.41,-0.01,1.40,,2008-06,0.17,,2008-06,,Restated
2008-03,830.15M,830.15M,579.45M,250.69M,138.10M,15.26M,,,-16.09M,,153.37M,97.33M,,-16.09M,-0.917M,-16.09M,80.32M,27.86M,52.46M,-8.173M,,0.00,,44.29M,52.46M,97.33M,,2008-03,0.53,-0.08,0.45,,2008-03,0.53,-0.08,0.45,,2008-03,0.17,,2008-03,,Restated
2007-12,712.43M,712.43M,466.75M,245.68M,139.99M,12.62M,,,,,152.61M,93.08M,,,,,73.43M,23.48M,49.94M,-1.398M,,,,48.54M,49.94M,93.08M,,2007-12,0.51,-0.01,0.50,,2007-12,0.50,-0.01,0.49,,2007-12,0.15,,2007-12,,
2007-09,837.83M,837.83M,591.67M,246.17M,140.74M,14.45M,,,,,155.19M,90.98M,,,,,72.14M,14.10M,58.04M,,,,,58.04M,58.04M,90.98M,,2007-09,0.59,0.00,0.59,,2007-09,0.58,0.00,0.58,,2007-09,0.15,,2007-09,,
2007-06,922.64M,922.64M,639.20M,283.44M,153.79M,14.81M,,,,,168.60M,114.84M,,,,,95.96M,33.96M,62.00M,0.064M,,,,62.06M,62.00M,114.84M,,2007-06,0.63,0.00,0.63,,2007-06,0.62,0.00,0.62,,2007-06,0.15,,2007-06,,
2007-03,792.84M,792.84M,556.91M,235.93M,139.48M,14.95M,,,,,154.43M,81.50M,,,-0.957M,,65.83M,23.20M,42.63M,-0.356M,,,,42.27M,42.63M,81.50M,,2007-03,0.43,0.00,0.43,,2007-03,0.42,0.00,0.42,,2007-03,0.15,,2007-03,,
2006-12,611.17M,611.17M,412.80M,198.37M,119.72M,12.53M,0.197M,,,,132.25M,66.12M,,,-3.135M,,51.54M,10.44M,41.11M,-2.469M,,,,38.64M,40.95M,66.12M,,2006-12,0.39,0.00,0.39,,2006-12,0.39,0.00,0.39,,2006-12,0.14,,2006-12,,
2006-09,778.02M,778.02M,565.53M,212.49M,137.92M,14.27M,0.167M,,,,152.19M,60.29M,,,0.167M,,47.44M,14.00M,33.44M,1.40M,,,,34.84M,33.32M,60.29M,,2006-09,0.34,0.01,0.35,,2006-09,0.33,0.01,0.34,,2006-09,0.14,,2006-09,,
2006-06,862.02M,862.02M,599.33M,262.69M,139.83M,14.88M,,,,,154.71M,107.98M,,,,,95.42M,26.79M,68.63M,,,,,68.63M,68.63M,107.98M,,2006-06,0.68,0.00,0.68,,2006-06,0.67,0.00,0.67,,2006-06,0.14,,2006-06,,
2006-03,771.39M,771.39M,548.88M,222.51M,129.09M,14.86M,,,,,143.95M,78.56M,,,,,65.27M,22.20M,43.07M,-1.451M,,,,41.62M,43.07M,78.56M,,2006-03,0.43,-0.01,0.42,,2006-03,0.42,-0.01,0.41,,2006-03,0.14,,2006-03,,
2005-12,732.11M,732.11M,524.30M,207.81M,128.00M,12.94M,0.236M,,,,140.94M,66.87M,,,0.236M,,55.84M,16.89M,38.96M,,,,,38.96M,38.79M,66.87M,,2005-12,0.39,0.00,0.39,,2005-12,0.38,0.00,0.38,,2005-12,0.13,,2005-12,,
2005-09,716.31M,716.31M,515.47M,200.84M,112.81M,11.15M,,,,,123.96M,76.88M,,,,,66.13M,21.60M,44.53M,,,,,44.53M,44.53M,76.88M,,2005-09,0.44,0.00,0.44,,2005-09,0.43,0.00,0.43,,2005-09,0.13,,2005-09,,
2005-06,788.52M,788.52M,553.29M,235.23M,117.47M,10.53M,5.199M,,,,128.00M,107.23M,,,5.199M,,100.74M,39.36M,61.38M,,,,,61.38M,58.21M,107.23M,,2005-06,0.61,0.00,0.61,,2005-06,0.60,0.00,0.60,,2005-06,0.13,,2005-06,,
2005-03,709.64M,709.64M,505.50M,204.14M,120.62M,11.43M,,,,,132.05M,72.09M,,,,,60.81M,20.63M,40.18M,,,,,40.18M,40.18M,72.09M,,2005-03,0.40,0.00,0.40,,2005-03,0.39,0.00,0.39,,2005-03,0.13,,2005-03,,
2004-12,651.48M,651.48M,468.27M,183.20M,111.22M,9.932M,,,,,121.15M,62.05M,,,,,51.16M,17.46M,33.70M,-6.046M,,,,27.65M,33.70M,62.05M,,2004-12,0.34,-0.07,0.27,,2004-12,0.33,-0.07,0.26,,2004-12,0.11,,2004-12,,
2004-09,607.77M,607.77M,437.98M,169.78M,96.88M,8.803M,,,,,105.68M,64.10M,,,,,52.93M,19.84M,33.09M,14.81M,,,,47.90M,33.09M,64.10M,,2004-09,0.33,0.15,0.48,,2004-09,0.32,0.15,0.47,,2004-09,0.11,,2004-09,,
2004-06,530.43M,530.43M,368.78M,161.65M,84.26M,6.407M,,,,,90.67M,70.98M,,,,,63.48M,21.49M,41.99M,13.47M,,,,55.46M,41.99M,70.98M,,2004-06,0.42,0.14,0.56,,2004-06,0.42,0.13,0.55,,2004-06,0.21,,2004-06,,
2004-03,488.45M,488.45M,348.38M,140.07M,83.65M,6.311M,,,,,89.96M,50.11M,,,,,42.46M,14.22M,28.24M,11.97M,,,,40.21M,28.24M,50.11M,,2004-03,0.29,0.12,0.41,,2004-03,0.28,0.12,0.40,,2004-03,0.21,,2004-03,,
2003-12,-398.53M,-398.53M,-338.98M,-59.56M,-24.09M,-9.408M,,,,,-33.50M,-26.06M,,,,,-23.02M,-11.06M,-11.96M,,,,,31.24M,-11.96M,-26.06M,,2003-12,0.6327,,0.6327,,2003-12,0.6327,,0.6327,,2003-12,0.21,,2003-12,,
2003-09,685.01M,685.01M,518.01M,167.01M,88.27M,11.00M,,,,,99.26M,67.74M,,,,,58.14M,19.77M,38.38M,,,,,38.38M,38.38M,67.74M,,2003-09,0.78,0.00,0.78,,2003-09,0.77,0.00,0.77,,2003-09,0.21,,2003-09,,
2003-06,718.99M,718.99M,535.50M,183.49M,95.93M,11.22M,,,,,107.16M,76.33M,,,,,66.50M,22.61M,43.89M,,,,,43.89M,43.89M,76.33M,,2003-06,0.89,0.00,0.89,,2003-06,0.88,0.00,0.88,,2003-06,0.21,,2003-06,,
2003-03,637.52M,637.52M,482.22M,155.29M,92.98M,10.12M,,,,,103.10M,52.19M,,,,,42.20M,14.35M,27.85M,,,,,27.85M,27.85M,52.19M,,2003-03,0.28,0.00,0.28,,2003-03,0.28,0.00,0.28,,2003-03,0.19,,2003-03,,
2002-12,-452.03M,-452.03M,-371.31M,-80.72M,-22.54M,-7.337M,,,,,-29.87M,-50.85M,,,,,-46.85M,-20.03M,-26.82M,,,,,28.08M,-26.82M,-50.85M,,2002-12,-1.31,0.56,-0.75,,2002-12,-1.31,0.56,-0.75,,2002-12,0.19,,2002-12,,
2002-09,629.30M,629.30M,480.33M,148.97M,78.24M,8.904M,,,,,87.15M,61.82M,,,,,53.62M,16.21M,37.40M,,,,,37.40M,37.40M,61.82M,,2002-09,0.76,0.00,0.76,,2002-09,0.75,0.00,0.75,,2002-09,0.19,,2002-09,,
2002-06,708.12M,708.12M,532.14M,175.98M,92.37M,9.021M,,,,,101.39M,74.59M,,,,,64.12M,21.14M,42.98M,,,,,42.98M,42.98M,74.59M,,2002-06,0.87,0.00,0.87,,2002-06,0.86,0.00,0.86,,2002-06,0.18,,2002-06,,
2002-03,603.06M,603.06M,466.05M,137.01M,82.92M,8.364M,,,,,91.28M,45.73M,,,,,32.00M,10.56M,21.44M,,,,,21.44M,21.44M,45.73M,,2002-03,0.22,0.00,0.22,,2002-03,0.215,0.00,0.215,,2002-03,0.18,,2002-03,,
2001-12,584.31M,584.31M,442.22M,142.09M,100.23M,8.377M,-40.59M,,,,108.61M,33.48M,,,-40.59M,,-20.24M,-3.961M,-16.27M,,,,,-40.92M,16.37M,33.48M,,2001-12,-0.8341,,-0.8341,,2001-12,-0.8341,,-0.8341,,2001-12,0.18,,2001-12,,
2001-09,636.17M,636.17M,487.03M,149.14M,90.15M,7.805M,,,,,97.96M,51.18M,,,,,36.78M,12.10M,24.67M,,,,,24.67M,24.67M,51.18M,,2001-09,0.25,0.00,0.25,,2001-09,0.25,0.00,0.25,,2001-09,0.00,,2001-09,,
2001-06,689.43M,689.43M,531.29M,158.13M,90.53M,7.25M,,,,,97.78M,60.35M,,,,,44.11M,15.55M,28.56M,,,,,28.56M,28.56M,60.35M,,2001-06,0.29,0.00,0.29,,2001-06,0.29,0.00,0.29,,2001-06,0.17,,2001-06,,
2001-03,671.38M,671.38M,507.40M,163.99M,103.39M,7.739M,-2.50M,,,,111.13M,52.86M,,,-2.50M,,32.64M,12.08M,20.56M,,,,,20.56M,22.14M,52.86M,,2001-03,0.21,0.00,0.21,,2001-03,0.21,0.00,0.21,,2001-03,0.17,,2001-03,,
2000-12,674.78M,674.78M,424.16M,250.62M,128.01M,7.831M,-27.26M,,,,234.87M,15.75M,,,-27.26M,,-30.13M,-11.66M,-18.47M,-7.962M,0.00,,,-26.43M,-1.760M,15.75M,,2000-12,-0.3796,-0.1637,-0.5432,,2000-12,-0.3796,-0.1637,-0.5432,,2000-12,0.17,,2000-12,,
2000-09,691.78M,691.78M,518.92M,172.86M,104.30M,7.214M,,,,,111.51M,61.35M,,,,,42.60M,14.58M,28.02M,-14.38M,,,,13.64M,28.02M,61.35M,,2000-09,0.29,-0.15,0.14,,2000-09,0.29,-0.15,0.14,,2000-09,0.17,,2000-09,,
2000-06,733.76M,733.76M,541.61M,192.15M,105.18M,7.528M,,,,,112.71M,79.44M,,,,,60.86M,22.18M,38.67M,-1.44M,,,,37.23M,38.67M,79.44M,,2000-06,0.40,-0.015,0.385,,2000-06,0.395,-0.015,0.38,,2000-06,0.16,,2000-06,,
2000-03,647.69M,647.69M,451.02M,196.67M,101.00M,8.618M,2.468M,,,-16.76M,109.62M,87.05M,,,2.468M,,53.80M,20.16M,33.64M,-0.975M,-1.222M,,,31.44M,32.10M,87.05M,,2000-03,0.345,-0.01,0.325,,2000-03,0.345,-0.01,0.325,,2000-03,0.16,,2000-03,,
1999-12,533.47M,533.47M,421.45M,112.02M,4.107M,,14.95M,,,,47.84M,64.17M,,,14.95M,,61.64M,23.86M,37.79M,,,,,43.01M,28.62M,64.17M,,1999-12,-0.24,0.71,0.47,,1999-12,-0.24,0.70,0.47,,1999-12,0.16,,1999-12,,
1999-09,604.90M,604.90M,395.80M,209.10M,123.60M,,,,,,146.50M,62.60M,,,,,48.50M,18.70M,29.80M,,,,,29.80M,29.80M,62.60M,,1999-09,0.35,0.00,0.35,,1999-09,0.345,0.00,0.345,,1999-09,0.16,,1999-09,,
1999-06,507.20M,507.20M,328.20M,179.00M,102.30M,6.10M,,,,,127.40M,51.60M,,,,,44.60M,16.30M,28.30M,,,,,28.30M,28.30M,51.60M,,1999-06,0.335,0.00,0.335,,1999-06,0.33,0.00,0.33,,1999-06,0.16,,1999-06,,
1999-03,470.49M,470.49M,302.05M,168.44M,103.40M,,-38.00M,,,,122.01M,46.44M,,,-38.00M,,3.528M,1.288M,2.24M,,,,,2.24M,26.37M,46.44M,,1999-03,0.025,0.00,0.025,,1999-03,0.025,0.00,0.025,,1999-03,0.16,,1999-03,,
1998-12,276.10M,276.10M,242.67M,33.43M,-22.52M,,,,,,4.426M,29.00M,,,,,25.69M,8.867M,16.82M,,,,0.767M,32.94M,16.82M,29.00M,,1998-12,-0.395,0.87,0.475,,1998-12,-0.395,0.77,0.38,,1998-12,0.15,,1998-12,,
1998-09,476.80M,476.80M,314.10M,162.70M,101.00M,,,,,,116.10M,46.60M,,,,,41.10M,15.30M,25.80M,,,,1.20M,25.80M,25.80M,46.60M,,1998-09,0.32,0.00,0.32,,1998-09,0.30,0.00,0.30,,1998-09,0.15,,1998-09,,
1998-06,471.80M,471.80M,307.00M,164.80M,101.70M,,,,,,120.10M,44.70M,,,,,39.10M,14.70M,24.40M,,,,1.20M,24.40M,24.40M,44.70M,,1998-06,0.30,0.00,0.30,,1998-06,0.28,0.00,0.28,,1998-06,0.15,,1998-06,,
