,OperatingRevenue,Revenue,CostofGoodsSold,GrossProfit,SpecialIncomeandCharges,NonIncomeTaxes,OperatingInterestExpense,OperatingInterestIncome,NetOperatingInterestIncome,OtherOperatingExpenses,TotalOperatingExpenses,OperatingIncome,Non-OperatingInterestIncome,Non-OperatingInterestExpense,NetNon-OperatingInterestIncomeExpense,OtherIncomeandExpenses,NetInterestIncome,Pre-TaxIncome,ProvisionforIncomeTaxes,IncomefromContinuingOperations,IncomefromDiscontinuedOperations,"ExtraordinaryItems,IncomeStatement",IncomeAttributabletoMinorityInterest,NetIncome,NormalizedIncome,EBIT,,BasicEPS(Quarterly),EPSBasicfromContinuingOperations,EPSBasicfromDiscontinuedOperations,EPSBasic,,DilutedEPS(Quarterly),EPSDilutedfromContinuingOperations,EPSDilutedfromDiscontinuedOperations,EPSDiluted,,SharesData(Quarterly),DividendPerShare,,SECFilingLinks,AsOriginallyReported,Restated
2020-09,1.628B,1.628B,733.00M,895.00M,12.00M,128.00M,110.00M,7.00M,-103.00M,,401.00M,494.00M,7.00M,110.00M,-103.00M,41.00M,-103.00M,432.00M,63.00M,369.00M,,,-2.00M,367.00M,356.80M,542.00M,,2020-09,1.48,,1.48,,2020-09,1.47,,1.47,,2020-09,0.495,,2020-09,AOR,
2020-06,1.398B,1.398B,654.00M,744.00M,8.00M,119.00M,108.00M,7.00M,-101.00M,,390.00M,354.00M,7.00M,108.00M,-101.00M,41.00M,-101.00M,294.00M,50.00M,244.00M,,,-1.00M,243.00M,236.36M,402.00M,,2020-06,0.99,,0.99,,2020-06,0.98,,0.98,,2020-06,0.495,,2020-06,AOR,
2020-03,1.44B,1.44B,819.00M,621.00M,-9.00M,125.00M,93.00M,7.00M,-86.00M,,380.00M,241.00M,7.00M,93.00M,-86.00M,14.00M,-86.00M,169.00M,21.00M,148.00M,,,-2.00M,146.00M,153.88M,262.00M,,2020-03,0.59,,0.59,,2020-03,0.59,,0.59,,2020-03,0.495,,2020-03,AOR,
2019-12,1.316B,1.316B,781.00M,535.00M,4.00M,106.00M,91.00M,8.00M,-83.00M,,356.00M,179.00M,8.00M,91.00M,-83.00M,23.00M,-83.00M,119.00M,24.00M,95.00M,,,-1.00M,94.00M,90.81M,210.00M,,2019-12,0.38,,0.38,,2019-12,0.38,,0.38,,2019-12,0.495,,2019-12,AOR,
2019-09,1.659B,1.659B,760.00M,899.00M,6.00M,131.00M,96.00M,8.00M,-88.00M,,379.00M,520.00M,8.00M,96.00M,-88.00M,26.00M,-88.00M,458.00M,92.00M,366.00M,,,-2.00M,364.00M,359.20M,554.00M,,2019-09,1.48,,1.48,,2019-09,1.47,,1.47,,2019-09,0.475,,2019-09,AOR,Restated
2019-06,1.379B,1.379B,732.00M,647.00M,7.00M,118.00M,97.00M,9.00M,-88.00M,,367.00M,280.00M,9.00M,97.00M,-88.00M,27.00M,-88.00M,219.00M,39.00M,180.00M,,,-1.00M,179.00M,173.25M,316.00M,,2019-06,0.73,,0.73,,2019-06,0.72,,0.72,,2019-06,0.475,,2019-06,AOR,Restated
2019-03,1.556B,1.556B,894.00M,662.00M,0.00,126.00M,97.00M,8.00M,-89.00M,,374.00M,288.00M,8.00M,97.00M,-89.00M,21.00M,-89.00M,220.00M,27.00M,193.00M,,,-2.00M,191.00M,191.00M,317.00M,,2019-03,0.78,,0.78,,2019-03,0.78,,0.78,,2019-03,0.475,,2019-03,AOR,Restated
2018-12,1.419B,1.419B,902.00M,517.00M,-7.00M,109.00M,99.00M,8.00M,-91.00M,,351.00M,166.00M,8.00M,99.00M,-91.00M,10.00M,-91.00M,85.00M,16.00M,69.00M,,,-1.00M,68.00M,73.68M,184.00M,,2018-12,0.28,,0.28,,2018-12,0.28,,0.28,,2018-12,0.475,,2018-12,AOR,Restated
2018-09,1.724B,1.724B,823.00M,901.00M,7.00M,127.00M,101.00M,8.00M,-93.00M,,368.00M,533.00M,8.00M,101.00M,-93.00M,24.00M,-93.00M,464.00M,105.00M,359.00M,,,-2.00M,357.00M,351.58M,565.00M,,2018-09,1.46,,1.46,,2018-09,1.45,,1.45,,2018-09,0.4575,,2018-09,AOR,Restated
2018-06,1.563B,1.563B,818.00M,745.00M,3.00M,122.00M,100.00M,9.00M,-91.00M,,360.00M,385.00M,9.00M,100.00M,-91.00M,20.00M,-91.00M,314.00M,74.00M,240.00M,,,-1.00M,239.00M,236.71M,414.00M,,2018-06,0.98,,0.98,,2018-06,0.97,,0.97,,2018-06,0.4575,,2018-06,AOR,Restated
2018-03,1.585B,1.585B,953.00M,632.00M,0.00,125.00M,101.00M,8.00M,-93.00M,,359.00M,273.00M,8.00M,101.00M,-93.00M,15.00M,-93.00M,195.00M,42.00M,153.00M,,,-2.00M,151.00M,151.00M,296.00M,,2018-03,0.62,,0.62,,2018-03,0.62,,0.62,,2018-03,0.4575,,2018-03,AOR,Restated
2017-12,1.399B,1.399B,846.00M,553.00M,7.00M,113.00M,96.00M,9.00M,-87.00M,,341.00M,212.00M,9.00M,96.00M,-87.00M,16.00M,-87.00M,141.00M,200.00M,-59.00M,,,-1.00M,-60.00M,-64.20M,237.00M,,2017-12,-0.24,,-0.24,,2017-12,-0.24,,-0.24,,2017-12,0.4575,,2017-12,AOR,Restated
2017-09,1.723B,1.723B,800.00M,923.00M,6.00M,129.00M,97.00M,7.00M,-90.00M,,354.00M,569.00M,7.00M,97.00M,-90.00M,16.00M,-90.00M,495.00M,205.00M,290.00M,,,-2.00M,288.00M,284.40M,592.00M,,2017-09,1.19,,1.19,,2017-09,1.18,,1.18,,2017-09,0.44,,2017-09,AOR,Restated
2017-06,1.537B,1.537B,811.00M,726.00M,2.00M,117.00M,99.00M,9.00M,-90.00M,,339.00M,387.00M,9.00M,99.00M,-90.00M,11.00M,-90.00M,308.00M,114.00M,194.00M,,,-1.00M,193.00M,191.74M,407.00M,,2017-06,0.79,,0.79,,2017-06,0.79,,0.79,,2017-06,0.44,,2017-06,AOR,Restated
2017-03,1.515B,1.515B,934.00M,581.00M,1.00M,118.00M,99.00M,9.00M,-90.00M,,339.00M,242.00M,9.00M,99.00M,-90.00M,9.00M,-90.00M,161.00M,57.00M,104.00M,,,-2.00M,102.00M,101.35M,260.00M,,2017-03,0.42,,0.42,,2017-03,0.42,,0.42,,2017-03,0.44,,2017-03,AOR,Restated
2016-12,1.356B,1.356B,944.00M,412.00M,-1.00M,109.00M,95.00M,9.00M,-86.00M,,326.00M,86.00M,9.00M,95.00M,-86.00M,59.00M,-86.00M,59.00M,26.00M,33.00M,,,-1.00M,32.00M,32.60M,154.00M,,2016-12,0.13,0.00,0.13,,2016-12,0.13,0.00,0.13,,2016-12,0.44,,2016-12,AOR,Restated
2016-09,1.859B,1.859B,828.00M,1.031B,6.00M,129.00M,97.00M,10.00M,-87.00M,,340.00M,691.00M,10.00M,97.00M,-87.00M,,-87.00M,604.00M,233.00M,371.00M,,,-2.00M,369.00M,365.34M,701.00M,,2016-09,1.52,,1.52,,2016-09,1.52,,1.52,,2016-09,0.425,,2016-09,AOR,Restated
2016-06,1.427B,1.427B,777.00M,650.00M,3.00M,115.00M,95.00M,10.00M,-85.00M,,325.00M,325.00M,10.00M,95.00M,-85.00M,,-85.00M,240.00M,92.00M,148.00M,,,-1.00M,147.00M,145.14M,335.00M,,2016-06,0.61,,0.61,,2016-06,0.61,,0.61,,2016-06,0.425,,2016-06,AOR,Restated
2016-03,1.434B,1.434B,893.00M,541.00M,3.00M,114.00M,95.00M,11.00M,-84.00M,,321.00M,220.00M,11.00M,95.00M,-84.00M,2.00M,-84.00M,138.00M,31.00M,107.00M,,,-2.00M,105.00M,102.66M,233.00M,,2016-03,0.43,,0.43,,2016-03,0.43,,0.43,,2016-03,0.425,,2016-03,AOR,Restated
2015-12,1.308B,1.308B,862.00M,446.00M,6.00M,104.00M,91.00M,9.00M,-82.00M,0.00,306.00M,140.00M,9.00M,91.00M,-82.00M,,-82.00M,61.00M,30.00M,31.00M,-1.00M,,-1.00M,29.00M,26.40M,152.00M,,2015-12,0.12,0.00,0.12,,2015-12,0.12,0.00,0.12,,2015-12,0.425,,2015-12,AOR,Restated
2015-09,1.833B,1.833B,878.00M,955.00M,8.00M,128.00M,87.00M,11.00M,-76.00M,,329.00M,626.00M,11.00M,87.00M,-76.00M,3.00M,-76.00M,553.00M,208.00M,345.00M,0.00,,-2.00M,343.00M,338.04M,640.00M,,2015-09,1.42,0.00,1.42,,2015-09,1.41,0.00,1.41,,2015-09,0.41,,2015-09,AOR,Restated
2015-06,1.401B,1.401B,779.00M,622.00M,4.00M,116.00M,89.00M,10.00M,-79.00M,69.00M,385.00M,237.00M,10.00M,89.00M,-79.00M,,-79.00M,158.00M,59.00M,99.00M,52.00M,,-1.00M,150.00M,95.48M,247.00M,,2015-06,0.40,0.21,0.61,,2015-06,0.40,0.21,0.61,,2015-06,0.41,,2015-06,AOR,Restated
2015-03,1.556B,1.556B,982.00M,574.00M,-3.00M,125.00M,88.00M,11.00M,-77.00M,,318.00M,256.00M,11.00M,88.00M,-77.00M,-3.00M,-77.00M,176.00M,66.00M,110.00M,,,-2.00M,108.00M,109.86M,264.00M,,2015-03,0.45,0.00,0.45,,2015-03,0.45,0.00,0.45,,2015-03,0.41,,2015-03,AOR,Restated
2014-12,1.37B,1.37B,945.00M,425.00M,7.00M,106.00M,75.00M,9.00M,-66.00M,,300.00M,125.00M,9.00M,75.00M,-66.00M,8.00M,-66.00M,67.00M,20.00M,47.00M,2.00M,,-1.00M,48.00M,41.09M,142.00M,,2014-12,0.19,0.01,0.20,,2014-12,0.19,0.01,0.20,,2014-12,0.41,,2014-12,AOR,Restated
2014-09,1.67B,1.67B,801.00M,869.00M,7.00M,121.00M,85.00M,9.00M,-76.00M,,308.00M,561.00M,9.00M,85.00M,-76.00M,5.00M,-76.00M,490.00M,194.00M,296.00M,-1.00M,,-2.00M,293.00M,289.80M,575.00M,,2014-09,1.21,0.00,1.21,,2014-09,1.20,0.00,1.20,,2014-09,0.40,,2014-09,AOR,Restated
2014-06,1.419B,1.419B,800.00M,619.00M,8.00M,114.00M,89.00M,9.00M,-80.00M,,297.00M,322.00M,9.00M,89.00M,-80.00M,8.00M,-80.00M,250.00M,99.00M,151.00M,-1.00M,,-1.00M,149.00M,145.20M,339.00M,,2014-06,0.62,-0.01,0.61,,2014-06,0.62,-0.01,0.61,,2014-06,0.40,,2014-06,AOR,Restated
2014-03,1.594B,1.594B,1.04B,554.00M,2.00M,127.00M,92.00M,9.00M,-83.00M,,308.00M,246.00M,9.00M,92.00M,-83.00M,,-83.00M,163.00M,64.00M,99.00M,-1.00M,,-2.00M,96.00M,95.78M,255.00M,,2014-03,0.40,0.00,0.40,,2014-03,0.40,0.00,0.40,,2014-03,0.40,,2014-03,AOR,Restated
2013-12,1.322B,1.322B,869.00M,453.00M,6.00M,104.00M,109.00M,6.00M,-103.00M,,282.00M,171.00M,6.00M,109.00M,-103.00M,4.00M,-103.00M,72.00M,23.00M,49.00M,-11.00M,,-1.00M,37.00M,43.92M,181.00M,,2013-12,0.19,-0.04,0.15,,2013-12,0.19,-0.04,0.15,,2013-12,0.40,,2013-12,AOR,Restated
2013-09,1.638B,1.638B,775.00M,863.00M,8.00M,121.00M,88.00M,9.00M,-79.00M,,296.00M,567.00M,9.00M,88.00M,-79.00M,6.00M,-79.00M,494.00M,187.00M,307.00M,-3.00M,,-2.00M,302.00M,300.04M,582.00M,,2013-09,1.26,-0.01,1.25,,2013-09,1.25,-0.01,1.24,,2013-09,0.40,,2013-09,AOR,Restated
2013-06,1.403B,1.403B,853.00M,550.00M,7.00M,111.00M,100.00M,8.00M,-92.00M,,289.00M,261.00M,8.00M,100.00M,-92.00M,3.00M,-92.00M,172.00M,66.00M,106.00M,-10.00M,,-1.00M,95.00M,100.66M,272.00M,,2013-06,0.44,-0.05,0.39,,2013-06,0.44,-0.05,0.39,,2013-06,0.40,,2013-06,AOR,Restated
2013-03,1.475B,1.475B,993.00M,482.00M,4.00M,122.00M,101.00M,7.00M,-94.00M,,297.00M,185.00M,7.00M,101.00M,-94.00M,,-94.00M,91.00M,35.00M,56.00M,-199.00M,,-2.00M,-145.00M,51.52M,192.00M,,2013-03,0.22,-0.82,-0.60,,2013-03,0.22,-0.82,-0.60,,2013-03,0.40,,2013-03,AOR,Restated
2012-12,1.258B,1.258B,867.00M,391.00M,4.00M,106.00M,97.00M,7.00M,-90.00M,,283.00M,108.00M,7.00M,97.00M,-90.00M,,-90.00M,19.00M,9.00M,10.00M,-1.165B,,-1.00M,-1.156B,6.40M,116.00M,,2012-12,-4.76,-4.80,-4.76,,2012-12,-4.76,-4.80,-4.76,,2012-12,0.40,,2012-12,AOR,Restated
2012-09,1.709B,1.709B,856.00M,853.00M,6.00M,114.00M,99.00M,7.00M,-92.00M,,275.00M,578.00M,7.00M,99.00M,-92.00M,4.00M,-92.00M,490.00M,179.00M,311.00M,63.00M,,0.00,374.00M,307.22M,589.00M,,2012-09,1.28,0.26,1.54,,2012-09,1.28,0.26,1.54,,2012-09,0.40,,2012-09,AOR,Restated
2012-06,1.402B,1.402B,780.00M,622.00M,5.00M,110.00M,98.00M,11.00M,-87.00M,,278.00M,344.00M,11.00M,98.00M,-87.00M,1.00M,-87.00M,258.00M,96.00M,162.00M,48.00M,,1.00M,211.00M,159.85M,356.00M,,2012-06,0.66,0.21,0.87,,2012-06,0.66,0.21,0.87,,2012-06,0.40,,2012-06,AOR,Restated
2012-03,1.412B,1.412B,974.00M,438.00M,-3.00M,113.00M,98.00M,7.00M,-91.00M,,280.00M,158.00M,7.00M,98.00M,-91.00M,-5.00M,-91.00M,62.00M,23.00M,39.00M,-442.00M,,0.00,-403.00M,40.89M,160.00M,,2012-03,0.15,-1.81,-1.66,,2012-03,0.15,-1.81,-1.66,,2012-03,0.40,,2012-03,AOR,Restated
2011-12,195.00M,195.00M,1.524B,-1.329B,27.00M,78.00M,51.00M,,-20.00M,,-1.232B,-97.00M,,51.00M,-20.00M,15.00M,-20.00M,-102.00M,-39.00M,-63.00M,,,-1.00M,25.00M,-80.68M,-51.00M,,2011-12,-0.26,0.36,0.10,,2011-12,-0.26,0.36,0.10,,2011-12,0.40,,2011-12,AOR,Restated
2011-09,2.268B,2.268B,845.00M,1.423B,-111.00M,121.00M,113.00M,,-113.00M,,749.00M,674.00M,,113.00M,-113.00M,-111.00M,-113.00M,450.00M,163.00M,287.00M,,,-2.00M,285.00M,355.79M,563.00M,,2011-09,1.18,0.00,1.18,,2011-09,1.18,0.00,1.18,,2011-09,0.385,,2011-09,AOR,Restated
2011-06,1.781B,1.781B,687.00M,1.094B,10.00M,109.00M,104.00M,,-104.00M,,776.00M,318.00M,,104.00M,-104.00M,10.00M,-104.00M,224.00M,85.00M,139.00M,,,-1.00M,138.00M,131.79M,328.00M,,2011-06,0.57,0.00,0.57,,2011-06,0.57,0.00,0.57,,2011-06,0.385,,2011-06,AOR,Restated
2011-03,1.904B,1.904B,894.00M,1.01B,11.00M,125.00M,119.00M,,-119.00M,,783.00M,227.00M,,119.00M,-119.00M,11.00M,-119.00M,119.00M,45.00M,74.00M,,,-3.00M,71.00M,64.16M,238.00M,,2011-03,0.29,0.00,0.29,,2011-03,0.29,0.00,0.29,,2011-03,0.385,,2011-03,AOR,Restated
2010-12,1.706B,1.706B,2.564B,-858.00M,-18.00M,107.00M,120.00M,,-87.00M,,-1.056B,198.00M,,120.00M,-87.00M,-27.00M,-87.00M,84.00M,30.00M,54.00M,,,-2.00M,52.00M,63.57M,204.00M,,2010-12,0.21,,0.21,,2010-12,0.21,,0.21,,2010-12,0.385,,2010-12,AOR,Restated
2010-09,2.267B,2.267B,821.00M,1.446B,-575.00M,119.00M,130.00M,,-130.00M,,768.00M,678.00M,,130.00M,-130.00M,-575.00M,-130.00M,-27.00M,137.00M,-164.00M,,,-3.00M,-167.00M,206.75M,103.00M,,2010-09,-0.70,0.00,-0.70,,2010-09,-0.70,0.00,-0.70,,2010-09,0.385,,2010-09,AOR,
2010-06,1.725B,1.725B,637.00M,1.088B,22.00M,102.00M,115.00M,,-115.00M,,757.00M,331.00M,,115.00M,-115.00M,22.00M,-115.00M,238.00M,83.00M,155.00M,,,-3.00M,152.00M,137.67M,353.00M,,2010-06,0.64,0.00,0.64,,2010-06,0.64,0.00,0.64,,2010-06,0.385,,2010-06,AOR,Restated
2010-03,1.94B,1.94B,897.00M,1.043B,15.00M,121.00M,132.00M,,-132.00M,,745.00M,298.00M,,132.00M,-132.00M,15.00M,-132.00M,181.00M,75.00M,106.00M,,,-4.00M,102.00M,92.25M,313.00M,,2010-03,0.43,0.00,0.43,,2010-03,0.43,0.00,0.43,,2010-03,0.385,,2010-03,AOR,Restated
2009-12,1.72B,1.72B,701.00M,1.019B,6.00M,109.00M,132.00M,,-132.00M,,767.00M,252.00M,,132.00M,-132.00M,6.00M,-132.00M,126.00M,44.00M,82.00M,,,-3.00M,79.00M,75.10M,258.00M,,2009-12,0.30,0.00,0.30,,2009-12,0.30,0.00,0.30,,2009-12,0.385,,2009-12,AOR,Restated
2009-09,1.815B,1.815B,619.00M,1.196B,13.00M,104.00M,134.00M,,-134.00M,422.00M,711.00M,485.00M,,134.00M,-134.00M,13.00M,-134.00M,364.00M,135.00M,229.00M,,,-2.00M,227.00M,218.82M,498.00M,,2009-09,1.04,0.00,1.04,,2009-09,1.04,0.00,1.04,,2009-09,0.385,,2009-09,AOR,Restated
2009-06,1.684B,1.684B,589.00M,1.095B,10.00M,97.00M,124.00M,,-124.00M,451.00M,730.00M,365.00M,,124.00M,-124.00M,10.00M,-124.00M,251.00M,83.00M,168.00M,,,-3.00M,165.00M,158.31M,375.00M,,2009-06,0.77,0.00,0.77,,2009-06,0.77,0.00,0.77,,2009-06,0.385,,2009-06,AOR,Restated
2009-03,1.916B,1.916B,890.00M,1.026B,4.00M,110.00M,118.00M,8.00M,-110.00M,421.00M,705.00M,321.00M,8.00M,118.00M,-110.00M,4.00M,-110.00M,215.00M,70.00M,145.00M,,,-4.00M,141.00M,138.30M,333.00M,,2009-03,0.66,0.00,0.66,,2009-03,0.66,0.00,0.66,,2009-03,0.385,,2009-03,AOR,Restated
2008-12,1.938B,1.938B,978.00M,960.00M,-3.00M,104.00M,109.00M,,-109.00M,,777.00M,183.00M,,109.00M,-109.00M,-3.00M,-109.00M,71.00M,8.00M,63.00M,,,-6.00M,57.00M,59.66M,180.00M,,2008-12,0.27,0.00,0.27,,2008-12,0.27,0.00,0.27,,2008-12,0.635,,2008-12,AOR,Restated
2008-09,2.06B,2.06B,905.00M,1.155B,13.00M,98.00M,113.00M,,-113.00M,456.00M,727.00M,428.00M,,113.00M,-113.00M,13.00M,-113.00M,328.00M,113.00M,215.00M,,,-11.00M,204.00M,195.48M,441.00M,,2008-09,0.97,0.00,0.97,,2008-09,0.97,0.00,0.97,,2008-09,0.635,,2008-09,,Restated
2008-06,1.79B,1.79B,611.00M,1.179B,11.00M,89.00M,118.00M,,-118.00M,476.00M,736.00M,443.00M,,118.00M,-118.00M,11.00M,-118.00M,336.00M,119.00M,217.00M,,,-11.00M,206.00M,198.90M,454.00M,,2008-06,0.98,0.00,0.98,,2008-06,0.98,0.00,0.98,,2008-06,0.635,,2008-06,,Restated
2008-03,2.081B,2.081B,1.048B,1.033B,15.00M,113.00M,100.00M,,-100.00M,430.00M,712.00M,321.00M,,100.00M,-100.00M,15.00M,-100.00M,236.00M,87.00M,149.00M,,,-11.00M,138.00M,128.53M,336.00M,,2008-03,0.66,0.00,0.66,,2008-03,0.66,0.00,0.66,,2008-03,0.635,,2008-03,,Restated
2007-12,1.796B,1.796B,862.00M,934.00M,76.00M,86.00M,,,,458.00M,691.00M,243.00M,,,,76.00M,,159.00M,51.00M,108.00M,,,-10.00M,108.00M,56.38M,243.00M,,2007-12,0.52,0.00,0.52,,2007-12,0.52,0.00,0.52,,2007-12,0.635,,2007-12,,
2007-09,1.997B,1.997B,825.00M,1.172B,-7.00M,97.00M,,,,417.00M,690.00M,482.00M,,,,-7.00M,,374.00M,130.00M,244.00M,,,-9.00M,244.00M,248.57M,482.00M,,2007-09,1.18,0.00,1.18,,2007-09,1.18,0.00,1.18,,2007-09,0.635,,2007-09,,
2007-06,1.728B,1.728B,710.00M,1.018B,12.00M,96.00M,,,,420.00M,692.00M,326.00M,,,,12.00M,,221.00M,78.00M,143.00M,,,-9.00M,143.00M,135.24M,326.00M,,2007-06,0.69,0.00,0.69,,2007-06,0.69,0.00,0.69,,2007-06,0.635,,2007-06,,
2007-03,2.024B,2.024B,636.00M,1.388B,-3.00M,102.00M,,,,810.00M,1.095B,293.00M,,,,-3.00M,,194.00M,71.00M,123.00M,,,-10.00M,123.00M,124.90M,293.00M,,2007-03,0.59,0.00,0.59,,2007-03,0.59,0.00,0.59,,2007-03,0.635,,2007-03,,
2006-12,1.62B,1.62B,786.00M,834.00M,37.00M,89.00M,,,,419.00M,680.00M,154.00M,,,,37.00M,,72.00M,11.00M,61.00M,,,-7.00M,61.00M,29.65M,154.00M,,2006-12,0.29,0.00,0.29,,2006-12,0.29,,0.29,,2006-12,0.635,,2006-12,,
2006-09,1.91B,1.91B,707.00M,1.203B,2.00M,99.00M,,,,395.00M,656.00M,547.00M,,,,2.00M,,454.00M,161.00M,293.00M,,,-13.00M,293.00M,291.71M,547.00M,,2006-09,1.42,0.00,1.42,,2006-09,1.42,0.00,1.42,,2006-09,0.635,,2006-09,,
2006-06,1.55B,1.55B,628.00M,922.00M,2.00M,90.00M,,,,394.00M,646.00M,276.00M,,,,2.00M,,191.00M,68.00M,123.00M,,,-8.00M,123.00M,121.71M,276.00M,,2006-06,0.60,0.00,0.60,,2006-06,0.60,0.00,0.60,,2006-06,0.635,,2006-06,,
2006-03,1.80B,1.80B,978.00M,822.00M,4.00M,113.00M,,,,348.00M,626.00M,196.00M,,,,4.00M,,114.00M,44.00M,70.00M,,,-10.00M,70.00M,67.54M,196.00M,,2006-03,0.34,0.00,0.34,,2006-03,0.34,0.00,0.34,,2006-03,0.635,,2006-03,,
2005-12,1.701B,1.701B,938.00M,763.00M,23.00M,81.00M,,,,378.00M,619.00M,144.00M,,,,23.00M,,68.00M,26.00M,42.00M,,,-4.00M,20.00M,27.79M,144.00M,,2005-12,0.19,-0.11,0.08,,2005-12,0.0977,,0.08,,2005-12,0.635,,2005-12,,
2005-09,1.868B,1.868B,711.00M,1.157B,-2.00M,98.00M,,,,391.00M,647.00M,510.00M,,,,-2.00M,,439.00M,159.00M,280.00M,,,-5.00M,280.00M,281.28M,510.00M,,2005-09,1.37,0.00,1.37,,2005-09,1.37,0.00,1.37,,2005-09,0.635,,2005-09,,
2005-06,1.584B,1.584B,591.00M,993.00M,-4.00M,95.00M,,,,375.00M,627.00M,366.00M,,,,-4.00M,,285.00M,100.00M,185.00M,,,-4.00M,185.00M,187.60M,366.00M,,2005-06,0.93,0.00,0.93,,2005-06,0.93,0.00,0.93,,2005-06,0.635,,2005-06,,
2005-03,1.625B,1.625B,770.00M,855.00M,1.00M,91.00M,,,,345.00M,593.00M,262.00M,,,,1.00M,,192.00M,71.00M,121.00M,,,-3.00M,121.00M,120.37M,262.00M,,2005-03,0.62,0.00,0.62,,2005-03,0.62,0.00,0.62,,2005-03,0.635,,2005-03,,
2004-12,1.477B,1.477B,653.00M,824.00M,25.00M,81.00M,,,,381.00M,621.00M,203.00M,,,,25.00M,,123.00M,40.00M,83.00M,,,-3.00M,83.00M,66.13M,203.00M,,2004-12,0.40,0.00,0.40,,2004-12,0.40,,0.40,,2004-12,0.635,,2004-12,,
2004-09,1.307B,1.307B,367.00M,940.00M,-7.00M,77.00M,,,,314.00M,527.00M,413.00M,,,,-7.00M,,355.00M,123.00M,232.00M,,,-4.00M,232.00M,236.57M,413.00M,,2004-09,1.20,0.00,1.20,,2004-09,1.20,0.00,1.20,,2004-09,0.635,,2004-09,,
2004-06,1.149B,1.149B,354.00M,795.00M,-2.00M,74.00M,,,,343.00M,549.00M,246.00M,,,,-2.00M,,178.00M,60.00M,118.00M,,,-2.00M,118.00M,119.33M,246.00M,,2004-06,0.65,0.00,0.65,,2004-06,0.65,0.00,0.65,,2004-06,0.635,,2004-06,,
2004-03,1.218B,1.218B,486.00M,732.00M,2.00M,80.00M,,,,306.00M,516.00M,216.00M,,,,2.00M,,156.00M,59.00M,97.00M,,,-3.00M,97.00M,95.76M,216.00M,,2004-03,0.55,0.00,0.55,,2004-03,0.55,0.00,0.55,,2004-03,0.635,,2004-03,,
2003-12,1.017B,1.017B,363.00M,654.00M,8.00M,61.00M,,,,323.00M,515.00M,139.00M,,,,8.00M,,66.00M,28.00M,38.00M,,0.00,,38.00M,33.20M,139.00M,,2003-12,0.34,-0.11,0.23,,2003-12,0.2333,,0.23,,2003-12,0.635,,2003-12,,
2003-09,1.353B,1.353B,387.00M,966.00M,-1.00M,83.00M,,,,251.00M,466.00M,500.00M,,,,-1.00M,,429.00M,154.00M,275.00M,,,-2.00M,275.00M,275.64M,500.00M,,2003-09,1.70,0.00,1.70,,2003-09,1.70,0.00,1.70,,2003-09,0.635,,2003-09,,
2003-06,1.088B,1.088B,322.00M,766.00M,1.00M,77.00M,,,,307.00M,516.00M,250.00M,,,,1.00M,,177.00M,67.00M,110.00M,,,-4.00M,110.00M,109.38M,250.00M,,2003-06,0.68,0.00,0.68,,2003-06,0.68,0.00,0.68,,2003-06,0.635,,2003-06,,
2003-03,1.108B,1.108B,232.00M,876.00M,3.00M,78.00M,,,,473.00M,675.00M,201.00M,,,,3.00M,,135.00M,52.00M,83.00M,,18.00M,,101.00M,81.16M,201.00M,,2003-03,0.52,0.11,0.63,,2003-03,0.52,0.11,0.63,,2003-03,0.635,,2003-03,,
2002-12,823.00M,823.00M,41.00M,782.00M,1.00M,51.00M,,,,615.00M,776.00M,6.00M,,,,1.00M,,-51.00M,-19.00M,-32.00M,,,,-32.00M,-32.63M,6.00M,,2002-12,-0.27,0.00,-0.27,,2002-12,-0.27,0.00,-0.27,,2002-12,0.635,,2002-12,,
2002-09,1.166B,1.166B,265.00M,901.00M,3.00M,74.00M,,,,278.00M,460.00M,441.00M,,,,3.00M,,385.00M,145.00M,240.00M,,,,240.00M,238.13M,441.00M,,2002-09,1.64,0.00,1.64,,2002-09,1.63,0.00,1.63,,2002-09,0.635,,2002-09,,
2002-06,978.00M,978.00M,231.00M,747.00M,-34.00M,69.00M,,,,295.00M,470.00M,277.00M,,,,-34.00M,,188.00M,73.00M,115.00M,,,,115.00M,135.80M,277.00M,,2002-06,0.80,0.00,0.80,,2002-06,0.80,0.00,0.80,,2002-06,0.635,,2002-06,,
2002-03,1.115B,1.115B,525.00M,590.00M,-1.00M,68.00M,,,,266.00M,441.00M,149.00M,,,,-1.00M,,97.00M,38.00M,59.00M,,,,59.00M,59.61M,149.00M,,2002-03,0.42,0.00,0.42,,2002-03,0.42,0.00,0.42,,2002-03,0.635,,2002-03,,
2001-12,355.00M,355.00M,-411.00M,766.00M,16.00M,58.00M,,,,498.00M,659.00M,107.00M,,,,16.00M,,64.00M,15.00M,49.00M,,0.00,,49.00M,36.75M,107.00M,,2001-12,0.35,0.00,0.35,,2001-12,0.34,0.00,0.34,,2001-12,0.635,,2001-12,,
2001-09,1.422B,1.422B,505.00M,917.00M,7.00M,75.00M,,,,251.00M,430.00M,487.00M,,,,7.00M,,447.00M,180.00M,267.00M,,,,267.00M,262.80M,487.00M,,2001-09,1.94,0.00,1.94,,2001-09,1.94,0.00,1.94,,2001-09,0.635,,2001-09,,
2001-06,1.057B,1.057B,,,,,,,,,,1.057B,,,,,,,,95.00M,,,,95.00M,95.00M,1.057B,,2001-06,0.69,0.00,0.69,,2001-06,0.69,0.00,0.69,,2001-06,0.635,,2001-06,,
2001-03,1.025B,1.025B,439.71M,584.82M,-4.685M,67.19M,,,,253.48M,419.40M,165.42M,,,,-4.685M,,114.66M,49.33M,65.33M,,-6.841M,,58.49M,68.14M,165.42M,,2001-03,0.48,-0.05,0.43,,2001-03,0.48,-0.05,0.43,,2001-03,0.635,,2001-03,,
2000-12,894.76M,894.76M,357.88M,536.88M,9.081M,61.85M,,,,295.16M,456.04M,80.84M,,,,9.081M,,39.98M,14.00M,25.98M,,,,25.98M,20.08M,80.84M,,2000-12,0.19,0.00,0.19,,2000-12,0.19,0.00,0.19,,2000-12,0.635,,2000-12,,
2000-09,1.195B,1.195B,308.79M,886.62M,-5.481M,75.54M,,,,257.34M,417.23M,469.39M,,,,-5.481M,,419.84M,163.71M,256.14M,,,,256.14M,259.48M,469.39M,,2000-09,1.87,0.00,1.87,,2000-09,1.87,0.00,1.87,,2000-09,0.635,,2000-09,,
2000-06,940.71M,940.71M,270.09M,670.61M,-6.119M,66.77M,,,,271.80M,432.17M,238.44M,,,,-6.119M,,192.82M,79.24M,113.58M,,,,113.58M,117.26M,238.44M,,2000-06,0.83,0.00,0.83,,2000-06,0.83,0.00,0.83,,2000-06,0.635,,2000-06,,
2000-03,825.38M,825.38M,297.92M,527.45M,-4.922M,60.92M,,,,214.35M,374.62M,152.83M,,,,-4.922M,,105.64M,44.25M,61.39M,,,,61.39M,64.35M,152.83M,,2000-03,0.45,0.00,0.45,,2000-03,0.45,0.00,0.45,,2000-03,0.635,,2000-03,,
1999-12,734.33M,734.33M,,,,,,,,,,-1.968B,,,,,,,,-5.60M,,,,-5.60M,-5.60M,-1.968B,,1999-12,-0.04,0.00,-0.04,,1999-12,-0.04,0.00,-0.04,,1999-12,0.635,,1999-12,,
1999-09,1.194B,1.194B,,,,,,,,,,1.194B,,,,,,,,249.80M,,,,249.80M,249.80M,1.194B,,1999-09,1.82,0.00,1.82,,1999-09,1.82,0.00,1.82,,1999-09,0.635,,1999-09,,
1999-06,859.88M,859.88M,248.00M,611.88M,-1.70M,61.20M,,,,263.00M,419.60M,192.28M,,,,-1.70M,,148.30M,61.80M,86.50M,,,,86.50M,87.52M,192.28M,,1999-06,0.63,0.00,0.63,,1999-06,0.63,0.00,0.63,,1999-06,0.635,,1999-06,,
1999-03,735.90M,735.90M,240.04M,495.86M,-2.265M,59.92M,,,,203.58M,360.94M,134.92M,,,,-2.265M,,89.59M,35.23M,54.36M,,,,54.36M,55.73M,134.92M,,1999-03,0.40,0.00,0.40,,1999-03,0.40,0.00,0.40,,1999-03,0.635,,1999-03,,
1998-12,678.51M,678.51M,182.90M,495.61M,2.70M,58.90M,,,,245.50M,401.30M,94.31M,,,,2.70M,,51.70M,25.40M,26.30M,,,,26.30M,24.68M,94.31M,,1998-12,0.19,0.00,0.19,,1998-12,0.19,0.00,0.19,,1998-12,0.635,,1998-12,,
1998-09,1.117B,1.117B,252.80M,864.30M,-0.50M,78.20M,,,,254.50M,427.10M,437.20M,,,,-0.50M,,390.30M,153.60M,236.70M,,,,236.70M,237.00M,437.20M,,1998-09,1.73,0.00,1.73,,1998-09,1.73,0.00,1.73,,1998-09,0.635,,1998-09,,
1998-06,821.80M,821.80M,226.30M,595.50M,-1.60M,70.90M,,,,247.50M,408.40M,187.10M,,,,-1.60M,,142.40M,58.80M,83.60M,,,,83.60M,84.56M,187.10M,,1998-06,0.61,0.00,0.61,,1998-06,0.61,0.00,0.61,,1998-06,0.635,,1998-06,,
