,OperatingRevenue,Revenue,CostofGoodsSold,GrossProfit,SalesandMarketingExpense,GeneralandAdministrativeExpense,SG&AExpense,IncomeStatementDepreciation,SpecialIncomeandCharges,OperatingInterestExpense,OperatingInterestIncome,NetOperatingInterestIncome,OtherOperatingExpenses,TotalOperatingExpenses,OperatingIncome,Non-OperatingInterestIncome,Non-OperatingInterestExpense,NetNon-OperatingInterestIncomeExpense,OtherIncomeandExpenses,NetInterestIncome,Pre-TaxIncome,ProvisionforIncomeTaxes,IncomefromContinuingOperations,IncomefromDiscontinuedOperations,IncomeAttributabletoMinorityInterest,EBITDA,ReconciledDepreciation,EBIT,,BasicEPS(Quarterly),NormalizedBasicEPS,EPSBasic,,DilutedEPS(Quarterly),EPSDilutedfromContinuingOperations,EPSDiluted,,SharesData(Quarterly),DividendPerShare,,SECFilingLinks,AsOriginallyReported,Restated
2020-08,31.00M,31.00M,1.549B,-1.518B,,,265.00M,,0.00,310.00M,3.00M,-307.00M,,816.00M,-2.334B,3.00M,310.00M,-307.00M,-221.00M,-307.00M,-2.861B,-2.00M,-2.859B,,,-2.00B,551.00M,-2.551B,,2020-08,-3.69,-3.69,,2020-08,-3.69,-3.69,,2020-08,0.00,,2020-08,AOR,
2020-05,740.00M,740.00M,2.484B,-1.744B,,,492.00M,,-1.364B,182.00M,6.00M,-176.00M,,1.069B,-2.813B,6.00M,182.00M,-176.00M,-1.396B,-176.00M,-4.385B,-11.00M,-4.374B,,,-3.626B,577.00M,-4.203B,,2020-05,-4.183,-6.07,,2020-05,-6.07,-6.07,,2020-05,0.00,,2020-05,AOR,
2020-02,4.79B,4.79B,3.523B,1.267B,,,678.00M,,-731.00M,55.00M,5.00M,-50.00M,,1.248B,19.00M,5.00M,55.00M,-50.00M,-738.00M,-50.00M,-770.00M,11.00M,-781.00M,,,-145.00M,570.00M,-715.00M,,2020-02,-0.3598,-1.14,,2020-02,-1.14,-1.14,,2020-02,0.50,,2020-02,AOR,
2019-11,4.781B,4.781B,3.076B,1.705B,,,667.00M,,0.00,49.00M,7.00M,-42.00M,,1.22B,485.00M,7.00M,49.00M,-42.00M,-5.00M,-42.00M,436.00M,15.00M,421.00M,,,1.038B,553.00M,485.00M,,2019-11,0.62,0.62,,2019-11,0.61,0.61,,2019-11,0.50,,2019-11,AOR,
2019-08,6.533B,6.533B,3.532B,3.001B,,,563.00M,,0.00,52.00M,8.00M,-44.00M,,1.111B,1.89B,8.00M,52.00M,-44.00M,-19.00M,-44.00M,1.827B,47.00M,1.78B,,,2.427B,548.00M,1.879B,,2019-08,2.58,2.58,,2019-08,2.58,2.58,,2019-08,0.50,,2019-08,AOR,Restated
2019-05,4.837B,4.837B,3.159B,1.678B,,,621.00M,,0.00,54.00M,5.00M,-49.00M,,1.163B,515.00M,5.00M,54.00M,-49.00M,-7.00M,-49.00M,459.00M,8.00M,451.00M,,,1.056B,543.00M,513.00M,,2019-05,0.65,0.65,,2019-05,0.65,0.65,,2019-05,0.50,,2019-05,AOR,Restated
2019-02,4.673B,4.673B,3.142B,1.531B,,,629.00M,,0.00,51.00M,4.00M,-47.00M,,1.145B,386.00M,4.00M,51.00M,-47.00M,-2.00M,-47.00M,338.00M,2.00M,336.00M,,,905.00M,516.00M,389.00M,,2019-02,0.48,0.48,,2019-02,0.48,0.48,,2019-02,0.50,,2019-02,AOR,Restated
2018-11,4.456B,4.456B,2.741B,1.715B,,,656.00M,,,47.00M,4.00M,-43.00M,,1.163B,552.00M,4.00M,47.00M,-43.00M,-1.00M,-43.00M,508.00M,14.00M,494.00M,,,1.062B,507.00M,555.00M,,2018-11,0.7128,0.71,,2018-11,0.71,0.71,,2018-11,0.50,,2018-11,AOR,Restated
2018-08,5.836B,5.836B,2.958B,2.878B,,,573.00M,,,49.00M,5.00M,-44.00M,,1.084B,1.794B,5.00M,49.00M,-44.00M,-5.00M,-44.00M,1.744B,37.00M,1.707B,,,2.304B,510.00M,1.793B,,2018-08,2.414,2.42,,2018-08,2.41,2.41,,2018-08,0.50,,2018-08,AOR,Restated
2018-05,4.357B,4.357B,2.681B,1.676B,,,605.00M,,,49.00M,3.00M,-46.00M,,1.117B,559.00M,3.00M,49.00M,-46.00M,51.00M,-46.00M,564.00M,3.00M,561.00M,,,1.125B,512.00M,613.00M,,2018-05,0.7329,0.79,,2018-05,0.78,0.78,,2018-05,0.50,,2018-05,AOR,Restated
2018-02,4.232B,4.232B,2.709B,1.523B,,,616.00M,,,48.00M,3.00M,-45.00M,,1.104B,419.00M,3.00M,48.00M,-45.00M,17.00M,-45.00M,390.00M,0.00,390.00M,,,926.00M,488.00M,438.00M,,2018-02,0.5177,0.54,,2018-02,0.54,0.54,,2018-02,0.45,,2018-02,AOR,Restated
2017-11,4.259B,4.259B,2.617B,1.642B,,,616.00M,,0.00,48.00M,2.00M,-46.00M,,1.094B,548.00M,2.00M,48.00M,-46.00M,58.00M,-46.00M,560.00M,14.00M,546.00M,,,1.086B,478.00M,608.00M,,2017-11,0.6865,0.76,,2017-11,0.76,0.76,,2017-11,0.45,,2017-11,AOR,Restated
2017-08,5.515B,5.515B,3.013B,2.502B,,,547.00M,,-89.00M,49.00M,3.00M,-46.00M,,1.02B,1.482B,3.00M,49.00M,-46.00M,-68.00M,-46.00M,1.368B,39.00M,1.329B,,,1.89B,472.00M,1.417B,,2017-08,1.950,1.84,,2017-08,1.83,1.83,,2017-08,0.40,,2017-08,AOR,Restated
2017-05,3.945B,3.945B,2.436B,1.509B,,,553.00M,,,50.00M,2.00M,-48.00M,,1.009B,500.00M,2.00M,50.00M,-48.00M,-68.00M,-48.00M,384.00M,5.00M,379.00M,,,891.00M,457.00M,434.00M,,2017-05,0.5923,0.52,,2017-05,0.52,0.52,,2017-05,0.40,,2017-05,AOR,Restated
2017-02,3.791B,3.791B,2.435B,1.356B,,,549.00M,,,51.00M,2.00M,-49.00M,,988.00M,368.00M,2.00M,51.00M,-49.00M,35.00M,-49.00M,354.00M,2.00M,352.00M,,,844.00M,439.00M,405.00M,,2017-02,0.4430,0.48,,2017-02,0.48,0.48,,2017-02,0.35,,2017-02,AOR,Restated
2016-11,3.935B,3.935B,2.319B,1.616B,,,584.00M,,0.00,55.00M,1.00M,-54.00M,,1.019B,597.00M,1.00M,55.00M,-54.00M,70.00M,-54.00M,613.00M,5.00M,608.00M,,,1.103B,435.00M,668.00M,,2016-11,0.7650,0.84,,2016-11,0.83,0.83,,2016-11,0.35,,2016-11,AOR,Restated
2016-08,5.097B,5.097B,2.563B,2.534B,,,529.00M,,0.00,61.00M,2.00M,-59.00M,,972.00M,1.562B,2.00M,61.00M,-59.00M,-38.00M,-59.00M,1.465B,41.00M,1.424B,,,1.969B,442.00M,1.526B,,2016-08,1.977,1.93,,2016-08,1.93,1.93,,2016-08,0.35,,2016-08,AOR,Restated
2016-05,3.705B,3.705B,2.258B,1.447B,,,532.00M,,,57.00M,2.00M,-55.00M,,969.00M,478.00M,2.00M,57.00M,-55.00M,184.00M,-55.00M,607.00M,2.00M,605.00M,,,1.102B,438.00M,664.00M,,2016-05,0.5831,0.81,,2016-05,0.80,0.80,,2016-05,0.35,,2016-05,AOR,Restated
2016-02,3.651B,3.651B,2.243B,1.408B,,,551.00M,,,52.00M,2.00M,-50.00M,,974.00M,434.00M,2.00M,52.00M,-50.00M,-241.00M,-50.00M,143.00M,1.00M,142.00M,,,618.00M,423.00M,195.00M,,2016-02,0.4859,0.18,,2016-02,0.18,0.18,,2016-02,0.30,,2016-02,AOR,Restated
2015-11,3.711B,3.711B,2.218B,1.493B,,,563.00M,,,50.00M,2.00M,-48.00M,,983.00M,510.00M,2.00M,50.00M,-48.00M,-191.00M,-48.00M,271.00M,1.00M,270.00M,,,741.00M,420.00M,321.00M,,2015-11,0.6049,0.35,,2015-11,0.35,0.35,,2015-11,0.30,,2015-11,AOR,Restated
2015-08,4.883B,4.883B,2.49B,2.393B,,,484.00M,,,53.00M,2.00M,-51.00M,,883.00M,1.51B,2.00M,53.00M,-51.00M,-209.00M,-51.00M,1.25B,34.00M,1.216B,,,1.702B,399.00M,1.303B,,2015-08,1.806,1.56,,2015-08,1.56,1.56,,2015-08,0.30,,2015-08,AOR,Restated
2015-05,3.59B,3.59B,2.404B,1.186B,,,491.00M,,,57.00M,2.00M,-55.00M,,897.00M,289.00M,2.00M,57.00M,-55.00M,-8.00M,-55.00M,226.00M,4.00M,222.00M,,,689.00M,406.00M,283.00M,,2015-05,0.3064,0.29,,2015-05,0.29,0.29,,2015-05,0.25,,2015-05,AOR,Restated
2015-02,3.531B,3.531B,2.335B,1.196B,,,529.00M,,,57.00M,2.00M,-55.00M,,930.00M,266.00M,2.00M,57.00M,-55.00M,-159.00M,-55.00M,52.00M,3.00M,49.00M,,,510.00M,401.00M,109.00M,,2015-02,0.2650,0.06,,2015-02,0.06,0.06,,2015-02,0.25,,2015-02,AOR,Restated
2014-11,3.719B,3.719B,2.498B,1.221B,,,547.00M,,,75.00M,2.00M,-73.00M,,955.00M,266.00M,2.00M,75.00M,-73.00M,-289.00M,-73.00M,-96.00M,7.00M,-103.00M,,,387.00M,408.00M,-21.00M,,2014-11,0.1054,-0.13,,2014-11,-0.13,-0.13,,2014-11,0.25,,2014-11,AOR,Restated
2014-08,4.947B,4.947B,2.76B,2.187B,,,481.00M,,,69.00M,2.00M,-67.00M,,895.00M,1.292B,2.00M,69.00M,-67.00M,16.00M,-67.00M,1.241B,0.00,1.241B,,,1.724B,414.00M,1.31B,,2014-08,1.581,1.60,,2014-08,1.60,1.60,,2014-08,0.25,,2014-08,AOR,Restated
2014-05,3.633B,3.633B,2.572B,1.061B,,,504.00M,,,72.00M,2.00M,-70.00M,,914.00M,147.00M,2.00M,72.00M,-70.00M,22.00M,-70.00M,99.00M,1.00M,98.00M,,,581.00M,410.00M,171.00M,,2014-05,0.1160,0.13,,2014-05,0.13,0.13,,2014-05,0.25,,2014-05,AOR,Restated
2014-02,3.585B,3.585B,2.592B,993.00M,,,521.00M,,,72.00M,2.00M,-70.00M,,926.00M,67.00M,2.00M,72.00M,-70.00M,-16.00M,-70.00M,-19.00M,1.00M,-20.00M,,,458.00M,405.00M,53.00M,,2014-02,-0.0166,-0.03,,2014-02,-0.03,-0.03,,2014-02,0.25,,2014-02,AOR,Restated
2013-11,3.658B,3.658B,2.642B,1.016B,,,532.00M,,0.00,82.00M,4.00M,-78.00M,,936.00M,80.00M,4.00M,82.00M,-78.00M,32.00M,-78.00M,34.00M,-9.00M,43.00M,,,520.00M,404.00M,116.00M,,2013-11,0.064,0.09,,2013-11,0.08,0.08,,2013-11,0.25,,2013-11,AOR,Restated
2013-08,4.726B,4.726B,2.917B,1.809B,,,439.00M,,-13.00M,76.00M,2.00M,-74.00M,,845.00M,964.00M,2.00M,76.00M,-74.00M,45.00M,-74.00M,935.00M,1.00M,934.00M,,,1.417B,406.00M,1.011B,,2013-08,1.134,1.20,,2013-08,1.20,1.20,,2013-08,0.25,,2013-08,AOR,Restated
2013-05,3.479B,3.479B,2.487B,992.00M,,,449.00M,,,78.00M,3.00M,-75.00M,,840.00M,152.00M,3.00M,78.00M,-75.00M,-36.00M,-75.00M,41.00M,0.00,41.00M,,,510.00M,391.00M,119.00M,,2013-05,0.09,0.05,,2013-05,0.05,0.05,,2013-05,0.25,,2013-05,AOR,Restated
2013-02,3.593B,3.593B,2.599B,994.00M,,,460.00M,,,83.00M,2.00M,-81.00M,,849.00M,145.00M,2.00M,83.00M,-81.00M,-25.00M,-81.00M,39.00M,2.00M,37.00M,,,511.00M,389.00M,122.00M,,2013-02,0.0842,0.05,,2013-02,0.05,0.05,,2013-02,0.25,,2013-02,AOR,Restated
2012-11,3.578B,3.578B,2.551B,1.027B,,,459.00M,,0.00,77.00M,2.00M,-75.00M,,851.00M,176.00M,2.00M,77.00M,-75.00M,-8.00M,-75.00M,93.00M,0.00,93.00M,,,562.00M,392.00M,170.00M,,2012-11,0.12,0.12,,2012-11,0.12,0.12,,2012-11,0.25,,2012-11,AOR,Restated
2012-08,4.684B,4.684B,2.597B,2.087B,,,409.00M,,0.00,84.00M,2.00M,-82.00M,,792.00M,1.295B,2.00M,84.00M,-82.00M,123.00M,-82.00M,1.336B,6.00M,1.33B,,,1.803B,383.00M,1.42B,,2012-08,1.551,1.71,,2012-08,1.71,1.71,,2012-08,0.25,,2012-08,AOR,Restated
2012-05,3.538B,3.538B,2.478B,1.06B,,,431.00M,,0.00,87.00M,3.00M,-84.00M,,807.00M,253.00M,3.00M,87.00M,-84.00M,-155.00M,-84.00M,14.00M,0.00,14.00M,,,477.00M,376.00M,101.00M,,2012-05,0.2061,0.02,,2012-05,0.02,0.02,,2012-05,0.25,,2012-05,AOR,Restated
2012-02,3.582B,3.582B,2.694B,888.00M,,,421.00M,,-173.00M,88.00M,3.00M,-85.00M,,797.00M,91.00M,3.00M,88.00M,-85.00M,-147.00M,-85.00M,-141.00M,-2.00M,-139.00M,,,323.00M,376.00M,-53.00M,,2012-02,0.0126,-0.18,,2012-02,-0.18,-0.18,,2012-02,0.25,,2012-02,AOR,Restated
2011-11,3.697B,3.697B,2.569B,1.128B,,,435.00M,,-21.00M,92.00M,3.00M,-89.00M,,820.00M,308.00M,3.00M,92.00M,-89.00M,-10.00M,-89.00M,209.00M,-8.00M,217.00M,,,686.00M,385.00M,301.00M,,2011-11,0.2976,0.28,,2011-11,0.28,0.28,,2011-11,0.25,,2011-11,AOR,Restated
2011-08,5.058B,5.058B,2.814B,2.244B,,,421.00M,,2.00M,96.00M,3.00M,-93.00M,,811.00M,1.433B,3.00M,96.00M,-93.00M,2.00M,-93.00M,1.342B,5.00M,1.337B,,,1.828B,390.00M,1.438B,,2011-08,1.687,1.69,,2011-08,1.69,1.69,,2011-08,0.25,,2011-08,AOR,Restated
2011-05,3.62B,3.62B,2.521B,1.099B,,,440.00M,,13.00M,91.00M,3.00M,-88.00M,,820.00M,279.00M,3.00M,91.00M,-88.00M,13.00M,-88.00M,204.00M,-2.00M,206.00M,,,675.00M,380.00M,295.00M,,2011-05,0.2493,0.26,,2011-05,0.26,0.26,,2011-05,0.25,,2011-05,AOR,Restated
2011-02,3.419B,3.419B,2.395B,1.024B,,,422.00M,,6.00M,86.00M,2.00M,-84.00M,,789.00M,235.00M,2.00M,86.00M,-84.00M,6.00M,-84.00M,157.00M,5.00M,152.00M,,,610.00M,367.00M,243.00M,,2011-02,0.1826,0.19,,2011-02,0.19,0.19,,2011-02,0.25,,2011-02,AOR,Restated
2010-11,3.497B,3.497B,2.356B,1.141B,,,433.00M,,7.00M,93.00M,2.00M,-91.00M,,800.00M,341.00M,2.00M,93.00M,-91.00M,5.00M,-91.00M,255.00M,7.00M,248.00M,,,715.00M,367.00M,348.00M,,2010-11,0.3014,0.31,,2010-11,0.31,0.31,,2010-11,0.10,,2010-11,AOR,Restated
2010-08,4.527B,4.527B,2.389B,2.138B,,,381.00M,,-2.00M,90.00M,3.00M,-87.00M,,736.00M,1.402B,3.00M,90.00M,-87.00M,-2.00M,-87.00M,1.313B,10.00M,1.303B,,,1.758B,355.00M,1.403B,,2010-08,1.653,1.65,,2010-08,1.62,1.62,,2010-08,0.10,,2010-08,AOR,Restated
2010-05,3.267B,3.267B,2.165B,1.102B,,,404.00M,,-2.00M,99.00M,3.00M,-96.00M,,753.00M,349.00M,3.00M,99.00M,-96.00M,-2.00M,-96.00M,251.00M,-1.00M,252.00M,,,699.00M,349.00M,350.00M,,2010-05,0.3216,0.32,,2010-05,0.32,0.32,,2010-05,0.10,,2010-05,AOR,Restated
2010-02,3.178B,3.178B,2.182B,996.00M,,,396.00M,,-3.00M,96.00M,4.00M,-92.00M,,741.00M,255.00M,4.00M,96.00M,-92.00M,-3.00M,-92.00M,160.00M,-15.00M,175.00M,,,601.00M,345.00M,256.00M,,2010-02,0.2225,0.22,,2010-02,0.22,0.22,,2010-02,0.10,,2010-02,AOR,Restated
2009-11,3.509B,3.509B,6.397B,-2.888B,,,424.00M,,,99.00M,4.00M,-95.00M,,-3.182B,294.00M,4.00M,99.00M,-95.00M,2.00M,-95.00M,201.00M,8.00M,193.00M,,,645.00M,345.00M,300.00M,,2009-11,0.24,0.24,,2009-11,0.24,0.24,,2009-11,0.00,,2009-11,AOR,Restated
2009-08,4.139B,4.139B,791.00M,3.348B,,,381.00M,,-8.00M,95.00M,4.00M,-91.00M,1.435B,2.152B,1.196B,4.00M,95.00M,-91.00M,-8.00M,-91.00M,1.097B,24.00M,1.073B,,,1.528B,336.00M,1.192B,,2009-08,1.370,1.36,,2009-08,1.33,1.33,,2009-08,0.00,,2009-08,AOR,Restated
2009-05,2.948B,2.948B,1.885B,1.063B,,,393.00M,,5.00M,90.00M,2.00M,-88.00M,,710.00M,353.00M,2.00M,90.00M,-88.00M,5.00M,-88.00M,270.00M,6.00M,264.00M,,,677.00M,317.00M,360.00M,,2009-05,0.3338,0.34,,2009-05,0.33,0.33,,2009-05,0.00,,2009-05,AOR,Restated
2009-02,2.864B,2.864B,1.85B,1.014B,,,392.00M,,19.00M,96.00M,4.00M,-92.00M,,703.00M,311.00M,4.00M,96.00M,-92.00M,19.00M,-92.00M,238.00M,-22.00M,260.00M,,,645.00M,311.00M,334.00M,,2009-02,0.3143,0.33,,2009-02,0.33,0.33,,2009-02,0.00,,2009-02,,Restated
2008-11,3.603B,3.603B,2.433B,1.17B,,,407.00M,,,112.00M,5.00M,-107.00M,,720.00M,450.00M,5.00M,112.00M,-107.00M,21.00M,-107.00M,364.00M,-1.00M,365.00M,,,789.00M,313.00M,476.00M,,2008-11,0.47,0.47,,2008-11,0.47,0.47,,2008-11,0.40,,2008-11,AOR,Restated
2008-08,4.814B,4.814B,2.634B,2.18B,,,372.00M,,0.00,108.00M,8.00M,-100.00M,,695.00M,1.485B,8.00M,108.00M,-100.00M,,-100.00M,1.385B,52.00M,1.333B,,,1.816B,323.00M,1.493B,,2008-08,1.70,1.70,,2008-08,1.65,1.65,,2008-08,0.40,,2008-08,AOR,Restated
2008-05,3.378B,3.378B,2.159B,1.219B,,,425.00M,,4.00M,102.00M,12.00M,-90.00M,,737.00M,482.00M,12.00M,102.00M,-90.00M,4.00M,-90.00M,396.00M,6.00M,390.00M,,,810.00M,312.00M,498.00M,,2008-05,0.4950,0.50,,2008-05,0.49,0.49,,2008-05,0.40,,2008-05,AOR,Restated
2008-02,3.152B,3.152B,2.114B,1.038B,,,425.00M,,2.00M,98.00M,10.00M,-88.00M,,726.00M,312.00M,10.00M,98.00M,-88.00M,2.00M,-88.00M,226.00M,-10.00M,236.00M,,,625.00M,301.00M,324.00M,,2008-02,0.2983,0.30,,2008-02,0.30,0.30,,2008-02,0.40,,2008-02,AOR,
2007-11,3.124B,3.124B,1.985B,1.139B,,,426.00M,,-1.00M,94.00M,20.00M,-74.00M,,716.00M,423.00M,20.00M,94.00M,-74.00M,,-74.00M,348.00M,-10.00M,358.00M,,,2.354B,1.912B,442.00M,,2007-11,0.4608,0.46,,2007-11,0.44,0.44,,2007-11,0.40,,2007-11,AOR,Restated
2007-08,4.321B,4.321B,2.189B,2.132B,,,363.00M,,1.00M,95.00M,20.00M,-75.00M,,642.00M,1.49B,20.00M,95.00M,-75.00M,1.00M,-75.00M,1.416B,39.00M,1.377B,,,1.79B,-1.343B,1.511B,,2007-08,1.729,1.73,,2007-08,1.67,1.67,,2007-08,0.35,,2007-08,AOR,Restated
2007-05,2.90B,2.90B,1.763B,1.137B,,,406.00M,,-1.00M,94.00M,17.00M,-77.00M,,678.00M,459.00M,17.00M,94.00M,-77.00M,-1.00M,-77.00M,381.00M,-9.00M,390.00M,,,747.00M,272.00M,475.00M,,2007-05,0.4908,0.49,,2007-05,0.48,0.48,,2007-05,0.35,,2007-05,AOR,Restated
2007-02,2.688B,2.688B,1.691B,997.00M,,,384.00M,,0.00,,,,,644.00M,353.00M,,,,,,279.00M,-4.00M,283.00M,,,613.00M,260.00M,353.00M,,2007-02,0.36,0.36,,2007-02,0.35,0.35,,2007-02,0.275,,2007-02,AOR,Restated
2006-11,2.81B,2.81B,1.68B,1.13B,,,393.00M,,9.00M,,,,,654.00M,476.00M,,,,9.00M,,413.00M,-3.00M,416.00M,,,737.00M,261.00M,476.00M,,2006-11,0.5232,0.53,,2006-11,0.52,0.52,,2006-11,0.275,,2006-11,AOR,Restated
2006-08,3.905B,3.905B,1.975B,1.93B,,,335.00M,,-1.00M,,,,,590.00M,1.34B,,,,-1.00M,,1.263B,31.00M,1.232B,,,1.595B,255.00M,1.34B,,2006-08,1.551,1.55,,2006-08,1.49,1.49,,2006-08,0.25,,2006-08,AOR,Restated
2006-05,2.662B,2.662B,1.62B,1.042B,,,354.00M,240.00M,-1.00M,,,,,594.00M,448.00M,,,,-1.00M,,377.00M,-3.00M,380.00M,,,688.00M,240.00M,448.00M,,2006-05,0.4707,0.47,,2006-05,0.46,0.46,,2006-05,0.25,,2006-05,AOR,Restated
2006-02,2.463B,2.463B,1.516B,947.00M,,,366.00M,232.00M,-15.00M,,,,,598.00M,349.00M,,,,-15.00M,,265.00M,14.00M,251.00M,,,581.00M,232.00M,349.00M,,2006-02,0.3275,0.31,,2006-02,0.31,0.31,,2006-02,0.25,,2006-02,AOR,Restated
2005-11,4.363B,2.573B,1.552B,1.021B,,,357.00M,230.00M,2.00M,,,,,587.00M,434.00M,,,,2.00M,,366.00M,30.00M,739.00M,,,664.00M,230.00M,434.00M,,2005-11,0.4177,0.42,,2005-11,0.41,0.41,,2005-11,0.25,,2005-11,AOR,Restated
2005-08,3.607B,3.607B,1.76B,1.847B,,,300.00M,226.00M,-23.00M,,,,,526.00M,1.321B,,,,-23.00M,,1.226B,45.00M,1.181B,,,1.547B,226.00M,1.321B,,2005-08,1.487,1.46,,2005-08,1.40,1.40,,2005-08,0.20,,2005-08,AOR,Restated
2005-05,1.987B,2.516B,1.488B,1.028B,-300.00M,642.00M,342.00M,224.00M,2.00M,,,,,566.00M,462.00M,,,,2.00M,,388.00M,0.00,307.00M,,,687.00M,225.00M,462.00M,,2005-05,0.4775,0.48,,2005-05,0.47,0.47,,2005-05,0.20,,2005-05,AOR,Restated
2005-02,2.396B,2.396B,1.423B,973.00M,,,334.00M,,7.00M,,,,,555.00M,418.00M,,,,7.00M,,342.00M,-3.00M,345.00M,,,639.00M,221.00M,418.00M,,2005-02,0.4248,0.43,,2005-02,0.42,0.42,,2005-02,0.15,,2005-02,AOR,Restated
2004-11,2.242B,2.242B,1.341B,901.00M,,,341.00M,,4.00M,,,,,554.00M,347.00M,,,,4.00M,,284.00M,-9.00M,293.00M,,,560.00M,213.00M,347.00M,,2004-11,0.3570,0.36,,2004-11,0.36,0.36,,2004-11,0.15,,2004-11,AOR,
2004-08,3.25B,3.25B,1.574B,1.676B,,,306.00M,,-2.00M,,,,,516.00M,1.16B,,,,-2.00M,,1.085B,60.00M,1.025B,,,1.371B,211.00M,1.16B,,2004-08,1.282,1.28,,2004-08,1.22,1.22,,2004-08,0.125,,2004-08,AOR,Restated
2004-05,2.253B,2.253B,1.326B,927.00M,,,322.00M,,-7.00M,,,,,522.00M,405.00M,,,,-7.00M,,332.00M,0.00,332.00M,,,605.00M,200.00M,405.00M,,2004-05,0.4186,0.41,,2004-05,0.40,0.40,,2004-05,0.125,,2004-05,AOR,Restated
2004-02,1.981B,1.981B,1.217B,764.00M,,,316.00M,,0.00,,,,,504.00M,260.00M,,,,,,199.00M,-4.00M,203.00M,,,448.00M,188.00M,260.00M,,2004-02,0.25,0.25,,2004-02,0.25,0.25,,2004-02,0.125,,2004-02,AOR,Restated
2003-11,1.817B,1.817B,,,,,,,,,,,,,5.609B,,,,,,,,198.00M,,,5.609B,,5.609B,,2003-11,0.22,0.22,,2003-11,0.20,0.20,,2003-11,0.125,,2003-11,AOR,Restated
2003-08,2.524B,2.524B,1.278B,1.246B,,,261.00M,,5.00M,,,,,437.00M,809.00M,,,,5.00M,,763.00M,29.00M,734.00M,,,985.00M,176.00M,809.00M,,2003-08,0.9140,0.92,,2003-08,0.90,0.90,,2003-08,0.105,,2003-08,AOR,Restated
2003-05,1.342B,1.342B,827.00M,515.00M,,,212.00M,,-11.00M,,,,,347.00M,168.00M,,,,-11.00M,,124.00M,-4.00M,128.00M,,,303.00M,135.00M,168.00M,,2003-05,0.1998,0.19,,2003-05,0.19,0.19,,2003-05,0.105,,2003-05,AOR,Restated
2003-02,1.035B,1.035B,620.00M,415.00M,,,177.00M,,15.00M,,,,,283.00M,132.00M,,,,15.00M,,122.00M,-5.00M,127.00M,,,238.00M,106.00M,132.00M,,2003-02,0.2044,0.22,,2003-02,0.22,0.22,,2003-02,0.105,,2003-02,AOR,Restated
2002-11,1.039B,1.039B,582.98M,455.99M,,,168.07M,100.57M,1.251M,,,,582.98M,851.62M,-395.63M,,,,1.251M,,170.87M,-20.53M,191.40M,,,-295.06M,-100.57M,-395.63M,,2002-11,0.3088,0.31,,2002-11,0.28,0.28,,2002-11,0.105,,2002-11,AOR,Restated
2002-08,1.441B,1.441B,685.67M,754.92M,,,147.41M,99.09M,-18.12M,,,,685.67M,932.16M,-177.24M,,,,-18.12M,,472.09M,-28.67M,500.76M,,,-78.16M,-463.77M,-177.24M,,2002-08,0.8685,0.85,,2002-08,0.85,0.85,,2002-08,0.105,,2002-08,AOR,
2002-05,989.16M,989.16M,533.46M,455.70M,,,142.70M,92.59M,-5.951M,,,,,235.29M,220.41M,,,,-5.951M,,188.06M,-6.136M,194.20M,,,492.51M,272.10M,220.41M,,2002-05,0.3361,0.33,,2002-05,0.33,0.33,,2002-05,0.105,,2002-05,AOR,
2002-02,906.53M,906.53M,519.56M,386.97M,,,151.40M,89.75M,4.959M,,,,519.56M,760.72M,-373.75M,,,,4.959M,,127.98M,-1.661M,129.64M,,,-284.00M,-89.75M,-373.75M,,2002-02,0.2149,0.22,,2002-02,0.22,0.22,,2002-02,0.105,,2002-02,AOR,
2001-11,972.35M,972.35M,2.438B,-1.466B,,,161.75M,91.04M,-79.07M,,,,605.17M,857.96M,-2.324B,,,,-79.07M,,102.42M,-13.70M,116.11M,,,-2.233B,-652.96M,-2.324B,,2001-11,0.2696,0.19,,2001-11,0.19,0.19,,2001-11,0.105,,2001-11,AOR,Restated
2001-08,1.490B,1.490B,820.77M,669.15M,,,146.80M,97.01M,-8.256M,,,,-101.39M,142.42M,526.74M,,,,-8.256M,,501.35M,6.376M,494.98M,,,991.64M,464.91M,526.74M,,2001-08,0.8538,0.84,,2001-08,0.84,0.84,,2001-08,0.105,,2001-08,AOR,
2001-05,1.079B,1.079B,601.33M,477.79M,,,154.56M,92.36M,-22.58M,,,,601.33M,848.26M,-370.47M,,,,-22.58M,,184.05M,-2.914M,186.96M,,,-278.11M,-92.36M,-370.47M,,2001-05,0.3432,0.32,,2001-05,0.32,0.32,,2001-05,0.105,,2001-05,AOR,
2001-02,1.008B,1.008B,600.12M,407.49M,,,155.89M,91.59M,-9.117M,,,,600.12M,847.60M,-440.12M,,,,-9.117M,,122.79M,-5.157M,127.95M,,,-348.52M,-91.59M,-440.12M,,2001-02,0.2294,0.22,,2001-02,0.22,0.22,,2001-02,0.105,,2001-02,AOR,
2000-11,850.33M,862.78M,1.231B,-367.93M,,,126.37M,76.53M,38.41M,,,,-2.352B,-2.149B,1.782B,,,,38.41M,,191.06M,-2.732M,193.80M,,,1.858B,-76.53M,1.782B,,2000-11,0.2905,0.33,,2000-11,0.33,0.33,,2000-11,0.105,,2000-11,AOR,Restated
2000-08,1.228B,1.228B,614.72M,613.49M,,,119.33M,75.25M,-4.457M,,,,614.72M,809.30M,-195.81M,,,,-4.457M,,407.31M,11.12M,396.19M,,,-120.57M,-347.03M,-195.81M,,2000-08,0.6773,0.67,,2000-08,0.67,0.67,,2000-08,0.105,,2000-08,AOR,
2000-05,875.13M,875.13M,497.12M,378.01M,,,120.83M,68.29M,9.349M,,,,497.12M,686.24M,-308.23M,,,,9.349M,,206.50M,2.539M,203.96M,,0.00,-239.94M,68.29M,-308.23M,,2000-05,0.3246,0.34,,2000-05,0.34,0.34,,2000-05,0.105,,2000-05,AOR,
2000-02,824.90M,824.88M,11.44M,813.44M,,,120.88M,67.60M,8.897M,,,,465.44M,653.92M,159.52M,,,,8.897M,,176.27M,4.752M,171.52M,,0.00,227.12M,67.60M,159.52M,,2000-02,0.2659,0.28,,2000-02,0.28,0.28,,2000-02,0.105,,2000-02,AOR,
1999-11,783.87M,795.40M,1.061B,-265.30M,,,121.00M,63.80M,83.50M,,,,-2.119B,-1.934B,1.669B,,,,83.50M,,248.20M,-2.80M,251.00M,,3.00M,1.733B,-63.80M,1.669B,,1999-11,0.3281,0.41,,1999-11,0.40,0.40,,1999-11,0.105,,1999-11,AOR,Restated
1999-08,1.169B,1.169B,579.70M,589.40M,,,109.90M,63.10M,20.80M,,,,579.70M,752.70M,-163.30M,,,,20.80M,,428.40M,13.30M,415.10M,,9.40M,-100.20M,-63.10M,-163.30M,,1999-08,0.6470,0.68,,1999-08,0.67,0.67,,1999-08,0.09,,1999-08,,
1999-05,796.10M,796.10M,432.40M,363.70M,,,105.50M,58.90M,3.70M,,,,432.40M,596.80M,-233.10M,,,,3.70M,,200.50M,-2.80M,203.30M,,0.50M,-174.20M,-58.90M,-233.10M,,1999-05,0.3264,0.33,,1999-05,0.33,0.33,,1999-05,0.09,,1999-05,,
1999-02,748.30M,748.30M,416.10M,332.20M,,,110.80M,57.90M,-2.90M,,,,416.10M,584.80M,-252.60M,,,,-2.90M,,153.00M,-4.80M,157.80M,,1.10M,-194.70M,-57.90M,-252.60M,,1999-02,0.2629,0.26,,1999-02,0.26,0.26,,1999-02,0.09,,1999-02,,
1998-11,728.60M,728.61M,409.08M,319.53M,,,106.87M,53.97M,-16.22M,,,,,-1.049B,1.369B,,,,-16.22M,,218.52M,-2.085M,220.60M,,-19.10M,1.716B,347.37M,1.369B,,1998-11,0.3863,0.37,,1998-11,0.37,0.37,,1998-11,0.09,,1998-11,AOR,Restated
1998-08,1.062B,1.062B,540.30M,521.20M,,,98.80M,57.40M,16.80M,,,,540.30M,696.50M,-175.30M,,,,16.80M,,357.50M,12.70M,344.80M,,8.00M,-117.90M,-57.40M,-175.30M,,1998-08,0.5527,0.58,,1998-08,0.58,0.58,,1998-08,0.075,,1998-08,,
1998-05,661.40M,661.40M,362.40M,299.00M,,,85.00M,46.30M,2.30M,,,,,131.30M,167.70M,,,,2.30M,,158.00M,-2.60M,160.60M,,,214.00M,-46.30M,167.70M,,1998-05,0.1327,0.135,,1998-05,0.135,0.135,,1998-05,0.075,,1998-05,,
