,OperatingRevenue,Revenue,CostofGoodsSold,GrossProfit,SalesandMarketingExpense,GeneralandAdministrativeExpense,SG&AExpense,ResearchandDevelopmentExpense,SpecialIncomeandCharges,OperatingInterestExpense,OperatingInterestIncome,NetOperatingInterestIncome,OtherOperatingExpenses,TotalOperatingExpenses,OperatingIncome,Non-OperatingInterestIncome,Non-OperatingInterestExpense,NetNon-OperatingInterestIncomeExpense,OtherIncomeandExpenses,NetInterestIncome,Pre-TaxIncome,ProvisionforIncomeTaxes,IncomefromContinuingOperations,IncomefromDiscontinuedOperations,"ExtraordinaryItems,IncomeStatement",NormalizedIncome,EBITDA,ReconciledDepreciation,EBIT,,EPSBasicfromDiscontinuedOperations,EPSBasicfromExtraordinaries,EPSBasicfromTaxLossCarryforward,NormalizedBasicEPS,EPSBasic,EPSDilutedfromContinuingOperations,EPSDilutedfromDiscontinuedOperations,EPSDilutedfromExtraordinaries,EPSDiluted,,SharesData(Quarterly),AverageBasicSharesOutstanding,AverageDilutedSharesOutstanding,,SECFilingLinks,AsOriginallyReported,Restated
2020-09,841.14M,841.14M,432.50M,408.64M,113.69M,91.43M,205.12M,74.22M,-0.239M,,2.706M,2.706M,,293.03M,115.61M,2.706M,,2.706M,-0.894M,2.706M,117.42M,18.10M,99.32M,,,100.08M,171.17M,55.57M,115.61M,,,,,0.8766,0.87,0.86,,,0.86,,2020-09,114.44M,115.41M,,2020-09,AOR,
2020-06,831.31M,831.31M,476.69M,354.62M,84.78M,102.17M,186.95M,73.11M,0.00,,,8.218M,,272.48M,82.14M,,,8.218M,,8.218M,90.36M,1.856M,88.50M,,,88.50M,156.87M,74.72M,82.14M,,,,,0.78,0.78,0.77,,,0.77,,2020-06,113.86M,114.96M,,2020-06,AOR,
2020-03,760.54M,760.54M,395.64M,364.90M,79.97M,82.21M,162.18M,68.72M,0.384M,,16.92M,14.28M,,243.40M,121.50M,16.92M,,14.28M,-11.15M,14.28M,124.63M,1.912M,122.72M,,,122.34M,226.72M,69.49M,157.23M,,,,,1.077,1.08,1.07,,,1.07,,2020-03,113.40M,114.52M,,2020-03,AOR,
2019-12,930.13M,930.13M,437.09M,493.04M,137.07M,84.53M,221.60M,82.52M,0.246M,,11.94M,11.94M,,316.45M,176.59M,11.94M,,11.94M,0.246M,11.94M,188.78M,25.13M,163.64M,,,163.43M,237.47M,60.88M,176.59M,,,,,1.438,1.44,1.43,,,1.43,,2019-12,113.25M,114.25M,,2019-12,AOR,
2019-09,857.84M,857.84M,468.25M,389.59M,149.57M,76.66M,226.22M,76.20M,-0.327M,,8.054M,8.054M,,314.45M,75.15M,8.054M,,8.054M,-0.327M,8.054M,82.87M,11.06M,71.82M,,,72.10M,134.12M,58.98M,75.15M,,,,,0.6325,0.63,0.63,,,0.63,,2019-09,113.12M,114.08M,,2019-09,AOR,Restated
2019-06,540.46M,540.46M,241.47M,298.99M,91.82M,74.83M,166.65M,68.96M,-0.386M,,,10.42M,,246.87M,52.12M,,,10.42M,-0.386M,10.42M,62.16M,15.88M,46.28M,,,46.57M,99.31M,47.19M,52.12M,,,,,0.4126,0.41,0.41,,,0.41,,2019-06,112.62M,113.73M,,2019-06,AOR,Restated
2019-03,539.01M,539.01M,258.91M,280.09M,77.61M,75.54M,153.15M,56.59M,-1.214M,,18.37M,10.34M,,220.82M,59.28M,18.37M,,10.34M,-5.088M,10.34M,64.53M,7.698M,56.83M,,,57.90M,156.48M,58.10M,98.38M,,,,,0.5095,0.50,0.50,,,0.50,,2019-03,112.53M,116.04M,,2019-03,AOR,Restated
2018-12,1.249B,1.249B,898.48M,350.25M,161.32M,70.64M,231.96M,62.30M,5.93M,,8.071M,8.071M,,304.40M,45.85M,8.071M,,8.071M,5.93M,8.071M,59.85M,-120.10M,179.95M,,,175.62M,201.28M,155.43M,45.85M,,,,,1.552,1.59,1.57,,,1.57,,2018-12,113.43M,114.74M,,2018-12,AOR,Restated
2018-09,492.67M,492.67M,234.88M,257.79M,94.16M,67.32M,161.48M,60.56M,0.00,,4.975M,4.975M,,231.80M,25.99M,4.975M,,4.975M,,4.975M,30.96M,5.594M,25.37M,,,25.37M,54.43M,28.44M,25.99M,,,,,0.22,0.22,0.22,,,0.22,,2018-09,113.74M,116.10M,,2018-09,AOR,Restated
2018-06,387.98M,387.98M,131.36M,256.62M,58.31M,67.74M,126.04M,50.71M,0.242M,,,6.601M,,186.01M,70.60M,,,6.601M,0.242M,6.601M,77.45M,5.754M,71.69M,,,71.47M,93.45M,22.85M,70.60M,,,,,0.6280,0.63,0.62,,,0.62,,2018-06,112.94M,115.98M,,2018-06,AOR,Restated
2018-03,450.27M,450.27M,189.21M,261.06M,47.45M,60.45M,107.90M,54.13M,-1.73M,,,1.398M,,171.51M,89.56M,,,1.398M,0.323M,1.398M,91.28M,0.423M,90.85M,,,92.57M,131.11M,32.98M,98.13M,,,,,0.8151,0.80,0.77,,,0.77,,2018-03,114.24M,117.57M,,2018-03,AOR,Restated
2017-12,480.84M,480.84M,267.98M,212.86M,79.51M,65.95M,145.46M,49.98M,-0.70M,,,3.374M,,203.30M,9.552M,,,3.374M,-0.70M,3.374M,12.23M,-12.91M,25.14M,,,25.56M,49.97M,40.42M,9.552M,,,,,0.2237,0.22,0.21,,,0.21,,2017-12,113.71M,117.64M,,2017-12,AOR,Restated
2017-09,443.56M,443.56M,246.55M,197.01M,76.91M,60.82M,137.74M,50.00M,-1.713M,,,-2.969M,,206.62M,-9.606M,,,-2.969M,-1.713M,-2.969M,-14.29M,-11.55M,-2.736M,,,-1.708M,27.78M,37.39M,-9.606M,,,,,-0.0206,-0.03,-0.03,,,-0.03,,2017-09,109.43M,109.43M,,2017-09,AOR,Restated
2017-06,418.22M,418.22M,194.57M,223.65M,52.21M,60.60M,112.82M,42.27M,-10.60M,,,-2.808M,,162.83M,60.82M,,,-2.808M,-10.60M,-2.808M,47.41M,-12.86M,60.28M,,,68.00M,94.95M,34.13M,60.82M,,,,,0.6440,0.57,0.56,,,0.56,,2017-06,104.46M,117.75M,,2017-06,AOR,Restated
2017-03,571.56M,571.56M,314.90M,256.66M,38.31M,62.04M,100.35M,36.42M,,,,-6.402M,,145.15M,111.50M,,,-6.402M,6.01M,-6.402M,111.11M,11.83M,99.28M,,,94.82M,217.11M,105.61M,111.50M,,,,,0.9256,0.97,0.89,,,0.89,,2017-03,100.33M,108.94M,,2017-03,AOR,Restated
2016-12,476.47M,476.47M,311.07M,165.40M,95.82M,52.94M,148.76M,37.59M,,,,-3.715M,,193.81M,-28.41M,,,-3.715M,,-3.715M,-32.12M,-2.282M,-29.84M,,,-29.84M,47.01M,75.42M,-28.41M,,,,,-0.33,-0.33,-0.33,,,-0.33,,2016-12,90.43M,90.43M,,2016-12,AOR,Restated
2016-09,420.17M,420.17M,205.60M,214.56M,80.19M,49.68M,129.87M,30.00M,0.00,,,-7.078M,,167.37M,47.19M,,,-7.078M,,-7.078M,40.12M,3.684M,36.43M,,,36.43M,77.11M,29.92M,47.19M,,,,,0.42,0.42,0.39,,,0.39,,2016-09,85.39M,115.20M,,2016-09,AOR,Restated
2016-06,311.55M,311.55M,191.38M,120.17M,71.13M,46.74M,117.88M,33.90M,0.00,,,-4.506M,,159.16M,-38.98M,,,-4.506M,1.35M,-4.506M,-42.14M,-3.572M,-38.57M,,,-39.80M,9.429M,48.41M,-38.98M,,,,,-0.4746,-0.46,-0.46,,,-0.46,,2016-06,84.59M,84.59M,,2016-06,AOR,Restated
2016-03,377.21M,377.21M,209.46M,167.75M,38.02M,44.40M,82.42M,33.31M,-0.113M,,,-5.291M,,123.06M,44.69M,,,-5.291M,1.604M,-5.291M,41.00M,-5.398M,46.40M,,,46.47M,103.44M,58.75M,44.69M,,,,,0.5408,0.54,0.48,,,0.48,,2016-03,83.65M,83.65M,,2016-03,AOR,Restated
2015-12,414.22M,414.22M,257.86M,156.36M,59.85M,49.06M,108.91M,27.94M,-71.17M,,,-8.018M,,144.38M,11.98M,,,-8.018M,-71.17M,-8.018M,-67.22M,-24.80M,-42.41M,,,2.497M,61.85M,49.87M,11.98M,,0.00,,,0.0283,-0.51,-0.51,0.00,,-0.51,,2015-12,83.43M,83.43M,,2015-12,AOR,Restated
2015-09,346.97M,346.97M,143.94M,203.03M,54.88M,49.96M,104.84M,24.41M,,,,-8.396M,,136.60M,66.43M,,,-8.396M,,-8.396M,58.04M,3.30M,54.74M,,,54.74M,91.04M,24.61M,66.43M,,,,,0.63,0.63,0.55,,,0.55,,2015-09,87.56M,114.02M,,2015-09,AOR,Restated
2015-06,275.30M,275.30M,202.62M,72.68M,45.57M,49.04M,94.60M,34.14M,,,,-7.534M,,135.32M,-62.64M,,,-7.534M,,-7.534M,-70.17M,-3.148M,-67.02M,,,-67.02M,-32.44M,30.20M,-62.64M,,,,,-0.81,-0.81,-0.81,,,-0.81,,2015-06,82.83M,82.83M,,2015-06,AOR,Restated
2015-03,300.09M,300.09M,410.68M,-110.59M,52.47M,38.20M,90.67M,35.16M,0.00,,,-5.212M,,131.76M,-242.35M,,,-5.212M,-1.992M,-5.212M,-249.56M,-6.766M,-242.79M,,,-240.78M,-192.71M,49.64M,-242.35M,,0.00,,,-2.965,-2.99,-2.99,0.00,,-2.99,,2015-03,81.08M,81.08M,,2015-03,AOR,Restated
2014-12,531.15M,531.15M,278.01M,253.13M,96.89M,53.56M,150.46M,31.22M,0.00,,,-9.458M,,187.52M,65.61M,,,-9.458M,-1.50M,-9.458M,54.65M,14.56M,40.09M,,,41.19M,151.15M,85.54M,65.61M,,,,,0.4736,0.46,0.42,,,0.42,,2014-12,80.66M,107.11M,,2014-12,AOR,Restated
2014-09,126.28M,126.28M,52.02M,74.26M,49.14M,43.98M,93.11M,24.53M,,,,-7.512M,,122.77M,-48.51M,,,-7.512M,18.98M,-7.512M,-37.05M,4.32M,-41.37M,,,-53.70M,-40.35M,8.165M,-48.51M,,,,,-0.6635,-0.51,-0.51,,,-0.51,,2014-09,80.36M,80.36M,,2014-09,AOR,Restated
2014-06,125.42M,125.42M,54.16M,71.27M,36.85M,39.35M,76.20M,24.13M,,,,-7.719M,,104.48M,-33.21M,,,-7.719M,,-7.719M,-40.93M,-5.525M,-35.40M,,,-35.40M,-21.70M,11.51M,-33.21M,,,,,-0.45,-0.45,-0.45,,,-0.45,,2014-06,79.37M,79.37M,,2014-06,AOR,Restated
2014-03,195.21M,195.21M,108.29M,86.92M,27.58M,50.77M,78.35M,28.63M,0.00,,,-7.943M,,110.50M,-23.58M,,,-7.943M,0.408M,-7.943M,-31.12M,-0.345M,-30.77M,-0.013M,,-30.98M,-6.575M,17.01M,-23.58M,,0.00,,,-0.4027,-0.40,-0.40,0.00,,-0.40,,2014-03,77.17M,103.71M,,2014-03,AOR,Restated
2013-12,1.864B,1.864B,1.120B,744.14M,70.48M,34.72M,105.19M,29.23M,0.00,,,-5.949M,,137.84M,606.30M,,,-5.949M,,-5.949M,600.35M,21.90M,578.44M,-0.018M,,578.44M,778.11M,171.81M,606.30M,,0.00,,,5.88,5.88,4.69,0.00,,4.69,,2013-12,85.06M,111.81M,,2013-12,AOR,Restated
2013-09,148.82M,148.82M,92.46M,56.36M,101.34M,43.02M,144.36M,26.52M,-9.014M,,,-10.75M,,174.25M,-117.89M,,,-10.75M,-3.642M,-10.75M,-132.28M,-8.185M,-124.10M,-0.025M,,-120.68M,-70.70M,47.19M,-117.89M,,0.00,,,-1.362,-1.40,-1.40,0.00,,-1.40,,2013-09,88.82M,88.82M,,2013-09,AOR,Restated
2013-06,142.67M,142.67M,93.84M,48.82M,41.60M,32.86M,74.46M,20.87M,,,,-11.23M,,98.39M,-49.56M,,,-11.23M,,-11.23M,-60.80M,1.087M,-61.88M,-0.03M,,-61.88M,-3.13M,46.43M,-49.56M,,0.00,,,-0.71,-0.71,-0.7114,-0.0003,,-0.71,,2013-06,86.99M,86.99M,,2013-06,AOR,Restated
2013-03,299.49M,299.49M,154.32M,145.17M,51.75M,40.37M,92.12M,21.18M,0.00,,,-7.201M,,116.10M,29.06M,,,-7.201M,,-7.201M,21.27M,0.103M,21.17M,1.303M,,21.17M,73.62M,44.56M,29.06M,,0.01,,,0.23,0.24,0.23,0.01,,0.24,,2013-03,86.18M,86.18M,,2013-03,AOR,Restated
2012-12,415.77M,415.77M,216.30M,199.47M,60.72M,32.88M,93.60M,22.37M,0.00,,,-8.094M,,118.48M,80.99M,,,-8.094M,,-8.094M,72.90M,2.021M,70.88M,0.488M,,70.88M,132.27M,51.28M,80.99M,,0.00,,,0.76,0.76,0.66,0.00,,0.66,,2012-12,85.74M,111.76M,,2012-12,AOR,Restated
2012-09,273.08M,273.08M,158.49M,114.60M,65.85M,30.81M,96.66M,19.32M,0.00,,,-7.419M,,118.53M,-3.933M,,,-7.419M,,-7.419M,-11.35M,1.085M,-12.44M,-0.054M,,-12.44M,46.15M,50.08M,-3.933M,,0.00,,,-0.15,-0.15,-0.15,-0.0006,,-0.15,,2012-09,85.40M,85.40M,,2012-09,AOR,Restated
2012-06,226.14M,226.14M,186.73M,39.41M,79.01M,43.20M,122.21M,15.31M,,,,-8.049M,,140.29M,-100.88M,,,-8.049M,,-8.049M,-108.93M,1.841M,-110.77M,-0.066M,,-110.77M,1.584M,102.47M,-100.88M,,0.00,,,-1.30,-1.30,-1.30,0.00,,-1.30,,2012-06,85.01M,85.01M,,2012-06,AOR,Restated
2012-03,148.08M,148.08M,116.47M,31.62M,40.06M,35.13M,75.20M,14.82M,,,,-6.413M,,92.76M,-61.14M,,,-6.413M,,-6.413M,-66.51M,-0.505M,-66.00M,-0.831M,,-66.00M,-24.86M,36.29M,-61.14M,,0.00,,,-0.80,-0.80,-0.80,0.00,,-0.80,,2012-03,84.42M,84.42M,,2012-03,AOR,Restated
2011-12,236.32M,236.32M,126.47M,109.86M,40.23M,29.70M,69.93M,16.82M,,,,-6.19M,,89.61M,20.25M,,,-6.19M,,-6.19M,14.06M,-0.127M,14.18M,-0.081M,,14.18M,56.16M,35.91M,20.25M,,0.00,,,0.16,0.16,0.16,0.00,,0.16,,2011-12,83.56M,83.56M,,2011-12,AOR,Restated
2011-09,107.03M,107.03M,74.70M,32.33M,28.77M,25.78M,54.56M,16.00M,,,,-4.333M,,73.84M,-41.51M,,,-4.333M,,-4.333M,-45.84M,1.419M,-47.26M,-0.11M,,-47.26M,-25.92M,15.59M,-41.51M,,0.00,,,-0.57,-0.57,-0.57,0.00,,-0.57,,2011-09,82.94M,82.94M,,2011-09,AOR,Restated
2011-06,334.38M,334.38M,211.22M,123.16M,74.68M,30.58M,105.26M,16.52M,,,,-3.68M,,125.02M,-1.863M,,,-3.68M,,-3.68M,-5.543M,3.076M,-8.619M,-0.094M,,-8.619M,74.15M,76.02M,-1.863M,,0.00,,,-0.11,-0.11,-0.11,0.00,,-0.11,,2011-06,82.50M,82.50M,,2011-06,AOR,Restated
2011-03,182.26M,182.26M,120.04M,62.21M,32.03M,29.17M,61.20M,17.25M,,,,-4.853M,,82.17M,-19.96M,,,-4.853M,,-4.853M,-23.08M,-0.668M,-22.42M,0.362M,,-22.42M,5.365M,25.32M,-19.96M,,0.01,,,-0.27,-0.26,-0.27,0.01,,-0.26,,2011-03,82.17M,86.12M,,2011-03,AOR,Restated
2010-12,334.26M,334.26M,188.65M,145.61M,47.86M,27.49M,75.35M,18.07M,,4.013M,,-4.013M,,96.93M,48.68M,,4.013M,-4.013M,,-4.013M,44.67M,3.849M,40.82M,0.039M,,40.82M,52.18M,3.501M,48.68M,,0.00,,,0.47,0.47,0.45,0.00,,0.45,,2010-12,80.74M,93.68M,,2010-12,AOR,Restated
2010-07,354.08M,354.08M,240.26M,113.82M,46.71M,24.79M,71.49M,17.58M,,4.458M,,-4.458M,,93.13M,20.68M,,4.458M,-4.458M,,-4.458M,16.23M,3.848M,12.38M,-6.459M,,12.38M,76.13M,55.45M,20.68M,,-0.07,,,0.14,0.07,0.14,-0.07,,0.07,,2010-07,79.36M,79.36M,,2010-07,AOR,
2010-04,268.00M,268.00M,156.78M,111.22M,43.48M,24.57M,68.04M,12.91M,-3.864M,3.90M,,-3.90M,,84.58M,26.64M,,3.90M,-3.90M,-3.864M,-3.90M,18.87M,1.958M,16.92M,-0.158M,,20.38M,60.78M,38.00M,22.77M,,0.00,,,0.2439,0.20,0.20,0.00,,0.20,,2010-04,78.80M,78.80M,,2010-04,AOR,
2010-01,163.24M,163.24M,100.36M,62.88M,41.09M,28.70M,69.79M,15.46M,-0.913M,3.90M,,-3.90M,,89.40M,-26.52M,,3.90M,-3.90M,-0.913M,-3.90M,-31.34M,2.486M,-33.82M,-0.052M,,-33.23M,-2.381M,25.06M,-27.44M,,0.00,,,-0.4224,-0.43,-0.43,0.00,,-0.43,,2010-01,78.14M,78.14M,,2010-01,AOR,
2009-10,549.96M,549.96M,428.29M,121.66M,56.70M,37.98M,94.68M,14.16M,,4.45M,,-3.802M,,113.96M,7.704M,,4.45M,-3.802M,,-3.802M,-6.96M,8.395M,-15.36M,,,-15.36M,47.00M,49.51M,-2.51M,,-0.07,,,-0.20,-0.27,-0.20,-0.07,,-0.27,,2009-10,77.58M,77.58M,,2009-10,AOR,
2009-07,94.93M,94.93M,76.94M,17.99M,23.69M,28.79M,52.48M,13.89M,,4.16M,,-4.16M,,70.58M,-52.59M,,4.16M,-4.16M,,-4.16M,-56.75M,1.563M,-58.32M,1.852M,,-58.32M,-33.98M,18.61M,-52.59M,,0.03,,,-0.76,-0.73,-0.76,0.03,,-0.73,,2009-07,76.99M,76.99M,,2009-07,AOR,Restated
2009-04,174.25M,174.25M,109.88M,64.37M,29.57M,29.90M,59.47M,14.76M,0.087M,1.60M,,-1.60M,,78.72M,-14.35M,,1.60M,-1.60M,0.087M,-1.60M,-15.86M,-5.454M,-10.41M,0.331M,,-10.47M,16.97M,31.23M,-14.26M,,0.00,,,-0.1307,-0.13,-0.13,0.00,,-0.13,,2009-04,76.59M,76.59M,,2009-04,AOR,Restated
2009-01,149.35M,149.35M,102.72M,46.63M,38.67M,38.46M,77.13M,20.94M,3.888M,1.50M,,-1.50M,,102.85M,-56.22M,,1.50M,-1.50M,3.888M,-1.50M,-53.83M,0.019M,-53.85M,3.46M,,-56.38M,-27.06M,25.26M,-52.33M,,0.05,,,-0.7432,-0.66,-0.71,0.05,,-0.66,,2009-01,76.10M,76.10M,,2009-01,AOR,Restated
2008-10,323.44M,323.44M,224.77M,98.67M,,,88.61M,16.05M,-6.006M,,,,,110.29M,-11.62M,,,,-6.006M,,-16.83M,-1.873M,-14.95M,,,-9.617M,31.49M,47.88M,-16.40M,,0.00,,,-0.1398,-0.21,-0.21,0.00,,-0.21,,2008-10,76.05M,76.85M,,2008-10,,Restated
2008-07,433.84M,433.84M,259.66M,174.18M,,,89.93M,17.24M,-1.771M,,,,,113.37M,60.81M,,,,-1.771M,,59.92M,8.091M,51.83M,,,53.36M,108.13M,47.32M,60.81M,,0.00,,,0.7002,0.68,0.67,0.00,,0.67,,2008-07,75.87M,76.98M,,2008-07,,
2008-04,539.81M,539.81M,318.26M,221.55M,,,95.15M,14.83M,-0.944M,,,,,117.49M,104.06M,,,,-0.944M,,102.28M,4.061M,98.22M,,,99.13M,157.72M,53.66M,104.06M,,0.00,,,1.322,1.31,1.29,0.00,,1.29,,2008-04,75.10M,75.95M,,2008-04,,
2008-01,240.44M,240.44M,186.01M,54.43M,,,65.13M,15.81M,-0.162M,,,,,87.35M,-32.92M,,,,-0.162M,,-33.23M,4.767M,-38.00M,,,-37.89M,-7.575M,25.34M,-32.92M,,0.00,,,-0.5186,-0.52,-0.52,0.00,,-0.52,,2008-01,73.15M,73.15M,,2008-01,,
2007-10,292.60M,292.60M,202.95M,89.65M,,,67.25M,11.16M,-5.84M,,,,,85.11M,4.541M,,,,-5.84M,,-1.657M,5.406M,-7.063M,,,-3.267M,40.96M,36.42M,4.541M,,0.00,,,-0.0475,-0.10,-0.10,0.00,,-0.10,,2007-10,72.30M,72.30M,,2007-10,,
2007-07,206.42M,206.42M,168.28M,38.14M,,,69.93M,11.21M,-7.10M,,,,,88.14M,-50.01M,,,,-7.10M,,-56.36M,2.188M,-58.55M,,,-53.93M,-3.882M,46.12M,-50.01M,,0.00,,,-0.7460,-0.81,-0.81,0.00,,-0.81,,2007-07,72.08M,72.08M,,2007-07,,
2007-04,205.44M,205.44M,159.58M,45.85M,,,68.63M,11.94M,-8.962M,,,,,87.64M,-41.79M,,,,-8.962M,,-49.73M,1.521M,-51.25M,,,-45.42M,-5.329M,36.46M,-41.79M,,0.00,,,-0.6288,-0.71,-0.71,0.00,,-0.71,,2007-04,71.74M,71.74M,,2007-04,,
2007-01,277.34M,277.34M,204.22M,73.12M,,,73.64M,14.15M,,,,,,94.45M,-21.33M,,,,,,-20.47M,1.076M,-21.55M,,,-21.55M,5.632M,26.97M,-21.33M,,0.00,,,-0.30,-0.30,-0.30,0.00,,-0.30,,2007-01,71.36M,71.36M,,2007-01,,
2006-10,266.56M,266.56M,184.76M,81.80M,,,75.57M,13.05M,-0.81M,,,,0.83M,96.06M,-14.26M,,,,-0.81M,,-13.04M,0.979M,-14.02M,,,-13.53M,22.35M,36.61M,-14.26M,,0.00,,,-0.1832,-0.19,-0.19,0.00,,-0.19,,2006-10,71.19M,71.19M,,2006-10,,
2006-07,241.18M,241.18M,184.06M,57.13M,,,71.84M,17.41M,-8.529M,,,,8.529M,104.07M,-46.94M,,,,-8.529M,,-45.74M,45.63M,-91.38M,,,-86.26M,-24.53M,22.41M,-46.94M,,0.00,,,-1.218,-1.29,-1.29,0.00,,-1.29,,2006-07,71.10M,71.10M,,2006-07,,
2006-04,265.12M,265.12M,247.35M,17.77M,,,65.90M,16.10M,-6.249M,,,,6.249M,94.94M,-77.17M,,,,-6.249M,,-77.16M,-26.79M,-50.37M,,,-46.29M,-6.374M,70.79M,-77.17M,,0.00,,,-0.6525,-0.71,-0.71,0.00,,-0.71,,2006-04,70.98M,71.43M,,2006-04,,
2006-01,264.98M,264.98M,209.31M,55.67M,,,80.10M,17.71M,,,,,,104.46M,-48.79M,,,,,,-48.54M,-19.42M,-29.12M,,,-29.12M,-12.23M,36.56M,-48.79M,,0.00,,,-0.41,-0.41,-0.41,0.00,,-0.41,,2006-01,71.43M,71.43M,,2006-01,,
2005-10,306.78M,306.78M,192.08M,114.70M,,,70.13M,16.30M,,,,,,92.87M,21.83M,,,,,,22.58M,3.717M,18.86M,,,18.86M,65.26M,43.43M,21.83M,,0.00,,,0.27,0.27,0.27,0.00,,0.27,,2005-10,70.13M,70.53M,,2005-10,,
2005-07,169.90M,169.90M,122.18M,47.72M,,,64.83M,19.90M,,,,,5.00M,95.42M,-47.70M,,,,,,-41.44M,-12.47M,-28.98M,,,-28.98M,-38.08M,9.615M,-47.70M,,0.00,,,-0.41,-0.41,-0.41,0.00,,-0.41,,2005-07,70.56M,70.56M,,2005-07,,
2005-04,222.07M,222.07M,128.28M,93.78M,,,64.98M,13.78M,-21.94M,,,,,83.87M,9.917M,,,,-21.94M,,-10.86M,-2.671M,-8.186M,,,8.355M,36.50M,26.58M,9.917M,,0.00,,,0.1159,-0.12,-0.12,0.00,,-0.12,,2005-04,70.11M,70.11M,,2005-04,,
2005-01,502.47M,502.47M,321.90M,180.58M,,,79.62M,23.42M,,,,,-35.07M,72.75M,107.82M,,,,,,73.29M,18.04M,55.25M,,,55.25M,135.36M,27.54M,107.82M,,0.00,,,0.81,0.81,0.79,0.00,,0.79,,2005-01,68.53M,69.77M,,2005-01,,
2004-10,438.01M,438.01M,319.57M,118.44M,,,64.56M,3.79M,40.11M,,,,,81.01M,37.43M,,,,40.11M,,85.71M,26.34M,59.37M,,,31.59M,74.86M,37.43M,37.43M,,0.00,,,0.4792,0.89,0.87,0.00,,0.87,,2004-10,67.65M,69.36M,,2004-10,,
2004-07,160.86M,160.86M,101.16M,59.70M,,,49.36M,12.77M,-14.60M,,,,-2.242M,64.22M,-4.516M,,,,-14.60M,,-20.83M,-6.393M,-14.44M,,,-4.316M,11.87M,16.39M,-4.516M,,0.00,,,-0.0596,-0.21,-0.21,0.00,,-0.21,,2004-07,67.26M,67.26M,,2004-07,,
2004-04,153.37M,153.37M,106.15M,47.22M,,,46.32M,8.228M,-13.02M,,,,,58.46M,-11.24M,,,,-13.02M,,-23.60M,-9.029M,-14.58M,,,-6.539M,9.903M,21.14M,-11.24M,,0.00,,,-0.0998,-0.22,-0.22,0.00,,-0.22,,2004-04,66.89M,66.89M,,2004-04,,
2004-01,375.51M,375.51M,248.36M,127.15M,,,59.94M,13.43M,,,,,-27.08M,50.04M,77.12M,,,,,,50.46M,18.71M,31.76M,,,31.76M,92.49M,15.37M,77.12M,,0.00,,,0.48,0.48,0.4667,0.00,,0.4667,,2004-01,66.58M,68.13M,,2004-01,,
2003-10,277.61M,277.61M,177.42M,100.19M,,,46.47M,7.688M,0.00,,,,,57.39M,42.80M,,,,0.00,,43.35M,17.09M,26.26M,,,26.26M,90.94M,48.14M,42.80M,,0.00,,,0.2567,0.2567,0.25,0.00,,0.25,,2003-10,65.38M,67.09M,,2003-10,,
2003-07,152.06M,152.06M,93.54M,58.52M,,,39.38M,7.043M,,,,,,49.36M,9.161M,,,,,,9.786M,4.09M,5.696M,,,5.696M,13.98M,4.814M,9.161M,,0.00,,,0.0867,0.0867,0.0867,0.00,,0.0867,,2003-07,63.40M,65.32M,,2003-07,,
2003-04,193.02M,193.02M,121.54M,71.48M,,,39.43M,4.761M,,,,,,47.39M,24.09M,,,,,,25.83M,10.21M,14.62M,,,14.62M,29.96M,5.87M,24.09M,,0.00,,,0.2333,0.2333,0.2333,0.00,,0.2333,,2003-04,61.89M,63.42M,,2003-04,,
2003-01,411.01M,411.01M,245.06M,165.95M,,,65.81M,5.615M,0.039M,,,,7.967M,86.96M,78.99M,,,,0.039M,,87.34M,35.81M,51.54M,,,51.51M,86.55M,4.338M,78.99M,,0.00,,,0.8396,0.84,0.8133,0.00,,0.8133,,2003-01,61.18M,63.30M,,2003-01,,
2002-10,218.96M,218.96M,137.36M,81.59M,,,35.79M,3.821M,0.022M,,,,,42.76M,38.84M,,,,0.022M,,39.11M,16.78M,22.33M,,,22.32M,44.79M,5.951M,38.84M,,0.00,,,0.1764,0.1767,0.16,0.00,,0.16,,2002-10,59.43M,63.19M,,2002-10,,
2002-07,122.46M,122.46M,76.58M,45.88M,,,33.30M,1.812M,,,,,,38.01M,7.869M,,,,,,8.168M,3.402M,4.766M,,,4.766M,12.41M,4.538M,7.869M,,0.00,,,0.08,0.08,0.08,0.00,,0.08,,2002-07,58.06M,60.35M,,2002-07,,
2002-04,170.33M,170.33M,106.68M,63.66M,,,39.45M,3.937M,-1.436M,,,,,45.90M,17.76M,,,,-1.436M,,16.27M,6.629M,9.637M,,,10.50M,21.34M,3.582M,17.76M,,0.00,,,0.1888,0.1733,0.1667,0.00,,0.1667,,2002-04,55.59M,58.15M,,2002-04,,
2002-01,282.93M,282.93M,179.46M,103.46M,,,40.99M,1.954M,0.127M,,,,,45.22M,58.24M,,,,0.127M,,57.40M,22.57M,34.83M,,,34.75M,61.26M,3.02M,58.24M,,0.00,,,0.6319,0.6333,0.6133,0.00,,0.6133,,2002-01,55.09M,56.84M,,2002-01,,
2001-10,124.30M,124.30M,95.06M,29.24M,,,30.76M,1.205M,-3.888M,,,,,35.38M,-6.136M,,,,-3.888M,,-11.38M,-6.226M,-5.059M,,10.58M,-2.726M,-2.54M,3.596M,-6.136M,,0.1467,0.00,,-0.1498,-0.0500,-0.1967,0.1467,0.2030,-0.0500,,2001-10,49.72M,49.72M,,2001-10,,
2001-07,81.33M,81.33M,49.61M,31.72M,,,23.35M,1.984M,0.651M,,,,,28.61M,3.107M,,,,0.651M,,1.794M,0.511M,1.283M,,,0.8174M,6.377M,2.469M,3.107M,,-0.0400,,-0.0379,0.0176,-0.0133,0.0200,-0.0400,,-0.0133,,2001-07,51.41M,53.63M,,2001-07,,
2001-04,93.32M,93.32M,58.37M,34.95M,,,20.72M,1.601M,-24.94M,,,,4.187M,30.72M,4.231M,,,,-24.94M,,-18.88M,-6.954M,-11.92M,,,3.830M,9.29M,5.059M,4.231M,,0.00,,,0.0751,-0.2467,-0.2467,0.00,,-0.2467,,2001-04,48.96M,48.96M,,2001-04,,
2001-01,157.59M,157.59M,104.26M,53.33M,,,23.06M,1.40M,,,,,,26.88M,26.45M,,,,,,23.52M,9.947M,13.57M,,5.337M,13.57M,29.13M,2.685M,26.45M,,-0.1067,0.00,,0.2735,0.1668,0.2735,-0.1067,0.1080,0.1668,,2001-01,48.50M,49.41M,,2001-01,,
2000-10,99.60M,99.60M,68.11M,31.50M,,,19.29M,1.022M,-17.52M,,,,,22.42M,9.079M,,,,-17.52M,,-8.887M,-3.714M,-5.173M,,,5.337M,10.52M,1.437M,9.079M,,,,,0.1142,-0.1107,-0.1107,,,-0.1107,,2000-10,46.74M,46.74M,,2000-10,,
2000-07,71.47M,71.47M,40.04M,31.43M,,,18.16M,1.657M,-1.103M,,,,,23.70M,7.732M,,,,-1.103M,,4.994M,1.545M,3.449M,,,4.211M,11.61M,3.879M,7.732M,,0.00,,,0.0975,0.0800,0.0800,0.00,,0.0800,,2000-07,43.57M,44.80M,,2000-07,,
2000-04,70.04M,70.04M,41.65M,28.38M,,,17.24M,1.364M,-0.6064M,,,,,20.90M,7.480M,,,,-0.6064M,,5.499M,2.145M,3.354M,,,3.724M,9.783M,2.303M,7.480M,,0.00,,,0.0963,0.0867,0.0867,0.00,,0.0867,,2000-04,38.55M,40.23M,,2000-04,,
2000-01,122.90M,122.90M,86.20M,36.70M,,,24.60M,1.60M,-0.20M,,,,,27.70M,9.00M,,,,-0.20M,,7.40M,2.60M,4.80M,,,4.930M,10.50M,1.50M,9.00M,,0.00,,,0.1437,0.14,0.1333,0.00,,0.1333,,2000-01,34.80M,36.72M,,2000-01,,
1999-10,120.71M,120.71M,80.70M,40.01M,,,21.54M,3.063M,,,,,,25.33M,14.68M,,,,,,13.63M,4.494M,9.132M,,,9.132M,15.89M,1.207M,14.68M,,0.00,,,0.2865,0.2865,0.2799,0.00,,0.2799,,1999-10,34.09M,34.09M,,1999-10,,
1999-07,63.60M,63.60M,43.60M,20.00M,,,13.70M,1.00M,0.10M,,,,,15.70M,4.30M,,,,0.10M,,3.90M,1.20M,2.70M,,,2.631M,5.30M,1.00M,4.30M,,0.00,,,0.0780,0.0800,0.0800,0.00,,0.0800,,1999-07,33.73M,33.73M,,1999-07,,
1999-04,52.20M,52.20M,36.10M,16.10M,,,11.50M,0.60M,,,,,,12.70M,3.40M,,,,,,2.60M,1.00M,1.60M,,,1.60M,4.00M,0.60M,3.40M,,0.00,,,0.0534,0.0534,0.0534,0.00,,0.0534,,1999-04,29.99M,29.99M,,1999-04,,
1999-01,68.30M,68.30M,53.50M,14.80M,,,8.60M,0.60M,,,,,,9.70M,5.10M,,,,,,4.30M,1.40M,2.90M,,,2.90M,5.60M,0.50M,5.10M,,0.00,,,0.1067,0.1067,0.1000,0.00,,0.1000,,1999-01,27.17M,28.99M,,1999-01,,
1998-10,64.30M,64.30M,48.80M,15.50M,,,10.70M,0.10M,,,,,,11.40M,4.10M,,,,,,3.50M,-0.50M,4.00M,,,4.00M,4.70M,0.60M,4.10M,,,,0.00,0.1566,0.1566,0.1566,,,0.1566,,1998-10,25.55M,25.55M,,1998-10,,
1998-07,38.40M,38.40M,26.90M,11.50M,,,7.90M,0.50M,,,,,,10.10M,1.40M,,,,,,,,0.80M,,,0.80M,3.10M,-0.50M,1.40M,,-0.0067,,-0.0048,0.0400,0.0334,0.0400,-0.0067,,0.0334,,1998-07,20.99M,20.99M,,1998-07,,
1998-04,39.90M,39.90M,29.20M,10.70M,,,7.30M,0.50M,,,,,,9.00M,1.70M,,,,,,,,0.70M,,0.20M,0.70M,3.40M,1.70M,1.70M,,0.00,0.00,,0.0400,0.0400,0.0334,0.00,0.0132,0.0334,,1998-04,13.84M,14.99M,,1998-04,,
