,OperatingRevenue,Revenue,CostofGoodsSold,GrossProfit,SpecialIncomeandCharges,NonIncomeTaxes,OperatingInterestExpense,OperatingInterestIncome,NetOperatingInterestIncome,OtherOperatingExpenses,TotalOperatingExpenses,OperatingIncome,Non-OperatingInterestIncome,Non-OperatingInterestExpense,NetNon-OperatingInterestIncomeExpense,OtherIncomeandExpenses,NetInterestIncome,Pre-TaxIncome,ProvisionforIncomeTaxes,IncomefromContinuingOperations,IncomefromDiscontinuedOperations,"ExtraordinaryItems,IncomeStatement",IncomeAttributabletoMinorityInterest,PreferredStockDividend,NetIncome,ReconciledDepreciation,EBIT,,BasicEPS(Quarterly),EPSBasicfromContinuingOperations,NormalizedBasicEPS,EPSBasic,,DilutedEPS(Quarterly),EPSDilutedfromContinuingOperations,NormalizedDilutedEPS,EPSDiluted,,AverageDilutedSharesOutstanding,DividendPerShare,,SECFilingLinks,AsOriginallyReported,Restated
2020-09,3.333B,3.333B,1.318B,2.015B,2.00M,673.00M,226.00M,,-226.00M,,1.155B,860.00M,,226.00M,-226.00M,-13.00M,-226.00M,621.00M,119.00M,502.00M,,,-9.00M,,493.00M,482.00M,847.00M,,2020-09,1.47,1.400,1.47,,2020-09,1.47,1.400,1.47,,335.40M,0.765,,2020-09,AOR,
2020-06,2.719B,2.719B,1.16B,1.559B,5.00M,604.00M,247.00M,,-247.00M,,1.08B,479.00M,,247.00M,-247.00M,-21.00M,-247.00M,211.00M,9.00M,202.00M,,,-12.00M,,190.00M,476.00M,458.00M,,2020-06,0.57,0.4838,0.57,,2020-06,0.57,0.4840,0.57,,335.00M,0.765,,2020-06,AOR,
2020-03,3.234B,3.234B,1.318B,1.916B,5.00M,638.00M,322.00M,,-322.00M,,1.108B,808.00M,,322.00M,-322.00M,-39.00M,-322.00M,447.00M,55.00M,392.00M,,,-17.00M,,375.00M,470.00M,769.00M,,2020-03,1.13,1.048,1.13,,2020-03,1.12,1.038,1.12,,334.60M,0.765,,2020-03,AOR,
2019-12,2.951B,2.951B,1.349B,1.602B,3.00M,606.00M,219.00M,,-219.00M,,1.037B,565.00M,,219.00M,-219.00M,20.00M,-219.00M,366.00M,53.00M,313.00M,,,-18.00M,,295.00M,431.00M,585.00M,,2019-12,0.89,0.8153,0.89,,2019-12,0.88,0.8055,0.88,,333.10M,0.74,,2019-12,AOR,
2019-09,3.365B,3.365B,1.459B,1.906B,4.00M,618.00M,262.00M,,-262.00M,,1.039B,867.00M,,262.00M,-262.00M,14.00M,-262.00M,619.00M,116.00M,503.00M,,,-30.00M,,473.00M,422.00M,881.00M,,2019-09,1.42,1.349,1.42,,2019-09,1.42,1.349,1.42,,333.20M,0.74,,2019-09,AOR,Restated
2019-06,2.744B,2.744B,1.29B,1.454B,4.00M,578.00M,263.00M,,-263.00M,,996.00M,458.00M,,263.00M,-263.00M,3.00M,-263.00M,198.00M,19.00M,179.00M,,,-27.00M,,152.00M,418.00M,461.00M,,2019-06,0.46,0.3887,0.46,,2019-06,0.46,0.3889,0.46,,329.20M,0.74,,2019-06,AOR,Restated
2019-03,3.514B,3.514B,1.71B,1.804B,3.00M,605.00M,247.00M,,-247.00M,,1.018B,786.00M,,247.00M,-247.00M,14.00M,-247.00M,553.00M,108.00M,445.00M,,,-21.00M,,424.00M,413.00M,800.00M,,2019-03,1.31,1.243,1.31,,2019-03,1.31,1.243,1.31,,323.40M,0.74,,2019-03,AOR,Restated
2018-12,2.949B,2.949B,1.487B,1.462B,132.00M,559.00M,222.00M,,-222.00M,,936.00M,526.00M,,222.00M,-222.00M,98.00M,-222.00M,402.00M,71.00M,331.00M,,,0.00,,331.00M,377.00M,624.00M,,2018-12,1.06,0.6541,1.06,,2018-12,1.05,0.6460,1.05,,315.90M,0.715,,2018-12,AOR,Restated
2018-09,3.328B,3.328B,1.545B,1.783B,4.00M,597.00M,205.00M,,-205.00M,,957.00M,826.00M,,205.00M,-205.00M,-11.00M,-205.00M,610.00M,175.00M,435.00M,,,0.00,,435.00M,359.00M,815.00M,,2018-09,1.40,1.292,1.40,,2018-09,1.39,1.283,1.39,,312.30M,0.715,,2018-09,AOR,Restated
2018-06,2.338B,2.338B,1.128B,1.21B,3.00M,512.00M,167.00M,,-167.00M,,828.00M,382.00M,,167.00M,-167.00M,-35.00M,-167.00M,180.00M,31.00M,149.00M,,,,,149.00M,354.00M,347.00M,,2018-06,0.60,0.5813,0.60,,2018-06,0.60,0.5814,0.60,,311.90M,0.715,,2018-06,AOR,Restated
2018-03,3.364B,3.364B,1.691B,1.673B,4.00M,570.00M,195.00M,,-195.00M,,918.00M,755.00M,,195.00M,-195.00M,-15.00M,-195.00M,545.00M,117.00M,428.00M,,,,,428.00M,348.00M,740.00M,,2018-03,1.38,1.319,1.38,,2018-03,1.37,1.310,1.37,,311.60M,0.715,,2018-03,AOR,Restated
2017-12,2.961B,2.961B,1.475B,1.486B,3.00M,558.00M,184.00M,,-184.00M,,901.00M,585.00M,,184.00M,-184.00M,-23.00M,-184.00M,378.00M,-127.00M,505.00M,,,,,505.00M,343.00M,562.00M,,2017-12,1.63,1.584,1.63,,2017-12,1.62,1.574,1.62,,312.10M,0.69,,2017-12,AOR,Restated
2017-09,3.211B,3.211B,1.416B,1.795B,3.00M,544.00M,185.00M,,-185.00M,,881.00M,914.00M,,185.00M,-185.00M,-2.00M,-185.00M,727.00M,270.00M,457.00M,,,,,457.00M,336.00M,912.00M,,2017-09,1.48,1.398,1.48,,2017-09,1.48,1.399,1.48,,309.30M,0.69,,2017-09,AOR,Restated
2017-06,2.633B,2.633B,1.327B,1.306B,3.00M,511.00M,180.00M,,-180.00M,,843.00M,463.00M,,180.00M,-180.00M,-6.00M,-180.00M,277.00M,102.00M,175.00M,,,,,175.00M,333.00M,457.00M,,2017-06,0.57,0.4935,0.57,,2017-06,0.57,0.4938,0.57,,306.80M,0.69,,2017-06,AOR,Restated
2017-03,3.228B,3.228B,1.545B,1.683B,2.00M,542.00M,181.00M,,-181.00M,,871.00M,812.00M,,181.00M,-181.00M,-16.00M,-181.00M,615.00M,227.00M,388.00M,,,,,388.00M,329.00M,796.00M,,2017-03,1.27,1.227,1.27,,2017-03,1.27,1.227,1.27,,306.30M,0.69,,2017-03,AOR,Restated
2016-12,2.707B,2.707B,1.205B,1.502B,3.00M,508.00M,179.00M,,-179.00M,,819.00M,683.00M,,179.00M,-179.00M,-202.00M,-179.00M,302.00M,96.00M,206.00M,,,,,206.00M,311.00M,481.00M,,2016-12,0.68,0.5657,0.68,,2016-12,0.67,0.5564,0.67,,306.10M,0.67,,2016-12,AOR,Restated
2016-09,3.417B,3.417B,1.748B,1.669B,107.00M,528.00M,178.00M,,-178.00M,,833.00M,836.00M,,178.00M,-178.00M,153.00M,-178.00M,811.00M,314.00M,497.00M,,,,,497.00M,306.00M,989.00M,,2016-09,1.63,1.376,1.63,,2016-09,1.62,1.367,1.62,,305.90M,0.67,,2016-09,AOR,Restated
2016-06,2.794B,2.794B,1.492B,1.302B,2.00M,485.00M,170.00M,,-170.00M,,787.00M,515.00M,,170.00M,-170.00M,11.00M,-170.00M,356.00M,124.00M,232.00M,,,,,232.00M,302.00M,526.00M,,2016-06,0.78,0.7601,0.78,,2016-06,0.77,0.7502,0.77,,300.40M,0.67,,2016-06,AOR,Restated
2016-03,3.156B,3.156B,1.707B,1.449B,2.00M,510.00M,169.00M,,-169.00M,,807.00M,642.00M,,169.00M,-169.00M,1.00M,-169.00M,474.00M,164.00M,310.00M,,,,,310.00M,297.00M,643.00M,,2016-03,1.05,1.046,1.05,,2016-03,1.05,1.046,1.05,,294.80M,0.67,,2016-03,AOR,Restated
2015-12,2.707B,2.707B,1.54B,1.167B,2.00M,478.00M,167.00M,,-167.00M,,768.00M,399.00M,,167.00M,-167.00M,1.00M,-167.00M,233.00M,57.00M,176.00M,,,,,176.00M,290.00M,400.00M,,2015-12,0.60,0.5948,0.60,,2015-12,0.60,0.5949,0.60,,295.00M,0.65,,2015-12,AOR,Restated
2015-09,3.443B,3.443B,1.824B,1.619B,1.00M,504.00M,162.00M,,-162.00M,,789.00M,830.00M,,162.00M,-162.00M,9.00M,-162.00M,677.00M,249.00M,428.00M,,,,,428.00M,285.00M,839.00M,,2015-09,1.46,1.432,1.46,,2015-09,1.45,1.422,1.45,,294.20M,0.65,,2015-09,AOR,Restated
2015-06,2.788B,2.788B,1.582B,1.206B,1.00M,458.00M,162.00M,,-162.00M,,734.00M,472.00M,,162.00M,-162.00M,10.00M,-162.00M,320.00M,101.00M,219.00M,,,,,219.00M,276.00M,482.00M,,2015-06,0.75,0.7152,0.75,,2015-06,0.74,0.7053,0.74,,294.00M,0.65,,2015-06,AOR,Restated
2015-03,3.616B,3.616B,2.114B,1.502B,1.00M,497.00M,161.00M,,-161.00M,,776.00M,726.00M,,161.00M,-161.00M,4.00M,-161.00M,569.00M,199.00M,370.00M,,,,,370.00M,279.00M,730.00M,,2015-03,1.26,1.247,1.26,,2015-03,1.26,1.247,1.26,,293.90M,0.65,,2015-03,AOR,Restated
2014-12,2.828B,2.828B,1.845B,983.00M,-2.00M,458.00M,156.00M,,-156.00M,,733.00M,250.00M,,156.00M,-156.00M,-3.00M,-156.00M,91.00M,9.00M,82.00M,,,,,82.00M,275.00M,247.00M,,2014-12,0.28,0.2831,0.28,,2014-12,0.28,0.2831,0.28,,294.00M,0.63,,2014-12,AOR,Restated
2014-09,3.39B,3.39B,1.849B,1.541B,1.00M,452.00M,150.00M,,-150.00M,,722.00M,819.00M,,150.00M,-150.00M,26.00M,-150.00M,695.00M,259.00M,436.00M,,,,,436.00M,270.00M,845.00M,,2014-09,1.49,1.428,1.49,,2014-09,1.48,1.418,1.48,,294.00M,0.63,,2014-09,AOR,Restated
2014-06,2.911B,2.911B,1.769B,1.142B,46.00M,467.00M,150.00M,,-150.00M,,732.00M,410.00M,,150.00M,-150.00M,54.00M,-150.00M,314.00M,102.00M,212.00M,,,,,212.00M,265.00M,464.00M,,2014-06,0.73,0.5907,0.73,,2014-06,0.72,0.5812,0.72,,294.00M,0.63,,2014-06,AOR,Restated
2014-03,3.789B,3.789B,2.344B,1.445B,1.00M,499.00M,136.00M,,-136.00M,,760.00M,685.00M,,136.00M,-136.00M,10.00M,-136.00M,559.00M,198.00M,361.00M,,,,,361.00M,261.00M,695.00M,,2014-03,1.23,1.201,1.23,,2014-03,1.23,1.201,1.23,,294.10M,0.63,,2014-03,AOR,Restated
2013-12,2.867B,2.867B,1.666B,1.201B,2.00M,464.00M,144.00M,,-144.00M,,724.00M,477.00M,,144.00M,-144.00M,4.00M,-144.00M,337.00M,103.00M,234.00M,,,,,234.00M,260.00M,481.00M,,2013-12,0.79,0.7734,0.79,,2013-12,0.79,0.7735,0.79,,294.70M,0.615,,2013-12,AOR,Restated
2013-09,3.484B,3.484B,1.871B,1.613B,1.00M,500.00M,146.00M,,-146.00M,,758.00M,855.00M,,146.00M,-146.00M,5.00M,-146.00M,714.00M,250.00M,464.00M,,,,,464.00M,258.00M,860.00M,,2013-09,1.58,1.560,1.58,,2013-09,1.58,1.560,1.58,,294.30M,0.615,,2013-09,AOR,Restated
2013-06,2.818B,2.818B,1.72B,1.098B,1.00M,457.00M,151.00M,,-151.00M,,712.00M,386.00M,,151.00M,-151.00M,2.00M,-151.00M,237.00M,65.00M,172.00M,,,,,172.00M,255.00M,388.00M,,2013-06,0.59,0.5701,0.59,,2013-06,0.59,0.5702,0.59,,294.30M,0.615,,2013-06,AOR,Restated
2013-03,3.184B,3.184B,1.934B,1.25B,1.00M,473.00M,279.00M,,-279.00M,,724.00M,526.00M,,279.00M,-279.00M,2.00M,-279.00M,249.00M,57.00M,192.00M,,,,,192.00M,251.00M,528.00M,,2013-03,0.66,0.6469,0.66,,2013-03,0.65,0.6369,0.65,,294.20M,0.615,,2013-03,AOR,Restated
2012-12,2.901B,2.901B,1.737B,1.164B,1.00M,465.00M,149.00M,,-149.00M,,711.00M,453.00M,,149.00M,-149.00M,2.00M,-149.00M,306.00M,99.00M,207.00M,,,,0.00,207.00M,246.00M,455.00M,,2012-12,0.71,0.6985,0.71,,2012-12,0.70,0.6885,0.70,,294.20M,0.605,,2012-12,AOR,Restated
2012-09,3.438B,3.438B,1.871B,1.567B,1.00M,476.00M,152.00M,,-152.00M,,716.00M,851.00M,,152.00M,-152.00M,2.00M,-152.00M,701.00M,261.00M,440.00M,,,,,440.00M,240.00M,853.00M,,2012-09,1.50,1.489,1.50,,2012-09,1.49,1.479,1.49,,294.60M,0.605,,2012-09,AOR,Restated
2012-06,2.771B,2.771B,1.627B,1.144B,2.00M,433.00M,153.00M,,-153.00M,,669.00M,475.00M,,153.00M,-153.00M,-2.00M,-153.00M,320.00M,106.00M,214.00M,,,,,214.00M,236.00M,473.00M,,2012-06,0.73,0.7208,0.73,,2012-06,0.73,0.7209,0.73,,294.40M,0.605,,2012-06,AOR,Restated
2012-03,3.078B,3.078B,1.834B,1.244B,0.00,450.00M,150.00M,,-150.00M,,683.00M,561.00M,,150.00M,-150.00M,3.00M,-150.00M,414.00M,134.00M,280.00M,,,,3.00M,280.00M,233.00M,564.00M,,2012-03,0.95,0.9338,0.95,,2012-03,0.94,0.9239,0.94,,294.50M,0.605,,2012-03,AOR,Restated
2011-12,2.914B,2.914B,4.038B,-1.124B,13.00M,406.00M,142.00M,,-142.00M,,-1.582B,458.00M,,142.00M,-142.00M,0.00,-142.00M,316.00M,123.00M,193.00M,,,,2.00M,193.00M,225.00M,458.00M,,2011-12,0.65,0.6146,0.65,,2011-12,0.65,0.6148,0.65,,295.00M,0.60,,2011-12,AOR,Restated
2011-09,3.629B,3.629B,1.385B,2.244B,0.00,483.00M,145.00M,,-145.00M,,1.488B,756.00M,,145.00M,-145.00M,,-145.00M,611.00M,225.00M,386.00M,,,,3.00M,386.00M,222.00M,756.00M,,2011-09,1.31,1.31,1.31,,2011-09,1.30,1.30,1.30,,294.60M,0.60,,2011-09,AOR,Restated
2011-06,2.993B,2.993B,1.199B,1.794B,5.00M,445.00M,153.00M,1.00M,-152.00M,732.00M,1.396B,398.00M,1.00M,153.00M,-152.00M,5.00M,-152.00M,251.00M,83.00M,168.00M,,,,3.00M,168.00M,219.00M,404.00M,,2011-06,0.57,0.5586,0.57,,2011-06,0.56,0.5486,0.56,,294.30M,0.60,,2011-06,AOR,Restated
2011-03,3.349B,3.349B,1.349B,2.00B,9.00M,458.00M,154.00M,2.00M,-152.00M,698.00M,1.374B,626.00M,2.00M,154.00M,-152.00M,9.00M,-152.00M,483.00M,169.00M,314.00M,,,,3.00M,314.00M,218.00M,637.00M,,2011-03,1.07,1.050,1.07,,2011-03,1.06,1.040,1.06,,293.60M,0.60,,2011-03,AOR,Restated
2010-12,3.14B,3.14B,4.11B,-970.00M,-15.00M,440.00M,146.00M,,-153.00M,,-1.463B,493.00M,,146.00M,-153.00M,10.00M,-153.00M,350.00M,115.00M,235.00M,,,,2.00M,235.00M,214.00M,496.00M,,2010-12,0.80,0.8347,0.80,,2010-12,0.79,0.8244,0.79,,292.50M,0.595,,2010-12,AOR,Restated
2010-09,3.707B,3.707B,1.604B,2.103B,10.00M,449.00M,159.00M,2.00M,-157.00M,738.00M,1.398B,705.00M,2.00M,159.00M,-157.00M,10.00M,-157.00M,558.00M,205.00M,353.00M,,,,3.00M,353.00M,211.00M,717.00M,,2010-09,1.24,1.218,1.24,,2010-09,1.23,1.208,1.23,,284.60M,0.595,,2010-09,AOR,Restated
2010-06,3.017B,3.017B,1.294B,1.723B,12.00M,405.00M,152.00M,3.00M,-149.00M,678.00M,1.294B,429.00M,3.00M,152.00M,-149.00M,12.00M,-149.00M,292.00M,106.00M,186.00M,,,,3.00M,186.00M,211.00M,444.00M,,2010-06,0.65,0.6229,0.65,,2010-06,0.64,0.6130,0.64,,283.50M,0.595,,2010-06,AOR,Restated
2010-03,3.462B,3.462B,1.636B,1.826B,8.00M,428.00M,149.00M,,-149.00M,702.00M,1.334B,492.00M,,149.00M,-149.00M,8.00M,-149.00M,351.00M,122.00M,229.00M,,,,3.00M,229.00M,204.00M,500.00M,,2010-03,0.80,0.7815,0.80,,2010-03,0.80,0.7815,0.80,,282.70M,0.595,,2010-03,AOR,Restated
2009-12,3.274B,3.274B,1.573B,1.701B,1.00M,400.00M,156.00M,,-156.00M,,1.278B,423.00M,,156.00M,-156.00M,8.00M,-156.00M,275.00M,71.00M,204.00M,,,,2.00M,204.00M,202.00M,431.00M,,2009-12,0.73,0.7086,0.73,,2009-12,0.72,0.6987,0.72,,279.00M,0.59,,2009-12,AOR,Restated
2009-09,3.489B,3.489B,1.51B,1.979B,1.00M,418.00M,155.00M,,-155.00M,676.00M,1.294B,685.00M,,155.00M,-155.00M,4.00M,-155.00M,534.00M,195.00M,339.00M,,,,3.00M,339.00M,200.00M,689.00M,,2009-09,1.22,1.211,1.22,,2009-09,1.22,1.211,1.22,,276.00M,0.59,,2009-09,AOR,Restated
2009-06,2.845B,2.845B,1.287B,1.558B,5.00M,367.00M,157.00M,,-157.00M,622.00M,1.186B,372.00M,,157.00M,-157.00M,18.00M,-157.00M,233.00M,80.00M,153.00M,,,,3.00M,153.00M,197.00M,390.00M,,2009-06,0.55,0.4950,0.55,,2009-06,0.55,0.4951,0.55,,275.30M,0.59,,2009-06,AOR,Restated
2009-03,3.423B,3.423B,1.872B,1.551B,1.00M,359.00M,146.00M,,-146.00M,581.00M,1.132B,419.00M,,146.00M,-146.00M,4.00M,-146.00M,277.00M,94.00M,183.00M,,,,3.00M,183.00M,192.00M,423.00M,,2009-03,0.66,0.6504,0.66,,2009-03,0.66,0.6504,0.66,,274.50M,0.59,,2009-03,AOR,Restated
2008-12,2.999B,2.999B,1.54B,1.459B,277.00M,331.00M,151.00M,,-151.00M,,648.00M,811.00M,,151.00M,-151.00M,287.00M,-151.00M,,,162.00M,0.00,,,2.00M,162.00M,186.00M,1.153B,,2008-12,0.58,-0.1021,0.58,,2008-12,0.57,-0.1096,0.58,,274.50M,0.585,,2008-12,,Restated
2008-09,3.858B,3.858B,2.327B,1.531B,3.00M,356.00M,139.00M,,-139.00M,682.00M,1.221B,310.00M,,139.00M,-139.00M,13.00M,-139.00M,,,185.00M,0.00,,,3.00M,185.00M,184.00M,310.00M,,2008-09,0.66,0.6291,0.66,,2008-09,0.66,0.6291,0.66,,273.80M,0.585,,2008-09,,Restated
2008-06,3.149B,3.149B,1.729B,1.42B,-8.00M,328.00M,128.00M,,-128.00M,762.00M,1.272B,148.00M,,128.00M,-128.00M,3.00M,-128.00M,,,283.00M,272.00M,,,3.00M,555.00M,182.00M,148.00M,,2008-06,1.03,1.023,2.02,,2008-06,1.03,1.023,2.02,,273.50M,0.585,,2008-06,,Restated
2008-03,3.577B,3.577B,1.989B,1.588B,-19.00M,349.00M,126.00M,,-126.00M,684.00M,1.198B,390.00M,,126.00M,-126.00M,39.00M,-126.00M,,,303.00M,3.00M,,,3.00M,306.00M,165.00M,390.00M,,2008-03,1.10,1.007,1.11,,2008-03,1.10,1.007,1.11,,273.00M,0.585,,2008-03,,Restated
2007-12,3.227B,3.227B,1.75B,1.477B,8.00M,335.00M,,,,548.00M,1.047B,430.00M,,,,8.00M,,301.00M,95.00M,206.00M,,,,,210.00M,402.00M,430.00M,,2007-12,0.76,0.7398,0.76,,2007-12,0.75,0.7299,0.75,,271.80M,0.58,,2007-12,,
2007-09,3.579B,3.579B,1.984B,1.595B,16.00M,343.00M,,,,544.00M,1.05B,545.00M,,,,16.00M,,434.00M,124.00M,310.00M,,,,,310.00M,188.00M,545.00M,,2007-09,1.14,1.098,1.15,,2007-09,1.14,1.098,1.15,,272.00M,0.58,,2007-09,,
2007-06,2.957B,2.957B,1.64B,1.317B,5.00M,317.00M,,,,497.00M,974.00M,343.00M,,,,5.00M,,222.00M,71.00M,151.00M,3.00M,,,,154.00M,-11.00M,343.00M,,2007-06,0.57,0.5572,0.58,,2007-06,0.57,0.5572,0.58,,266.20M,0.58,,2007-06,,
2007-03,3.357B,3.357B,1.851B,1.506B,8.00M,328.00M,,,,490.00M,976.00M,530.00M,,,,8.00M,,406.00M,148.00M,258.00M,-2.00M,,,,256.00M,88.00M,530.00M,,2007-03,1.00,0.9803,0.99,,2007-03,1.00,0.9804,0.99,,259.10M,0.58,,2007-03,,
2006-12,2.648B,2.648B,1.376B,1.272B,-5.00M,304.00M,,,,446.00M,885.00M,387.00M,,,,-5.00M,,292.00M,89.00M,203.00M,-2.00M,,,,201.00M,161.00M,387.00M,,2006-12,0.80,0.8136,0.79,,2006-12,0.80,0.8135,0.79,,257.20M,0.575,,2006-12,,
2006-09,3.441B,3.441B,1.887B,1.554B,4.00M,328.00M,,,,556.00M,1.039B,515.00M,,,,4.00M,,360.00M,129.00M,231.00M,,,,,231.00M,292.00M,515.00M,,2006-09,0.93,0.9197,0.93,,2006-09,0.92,0.9097,0.92,,250.00M,0.575,,2006-09,,
2006-06,2.555B,2.555B,,,,,,,,,,2.555B,,,,,,,,126.00M,-2.00M,,,,124.00M,67.00M,2.555B,,2006-06,0.51,0.51,0.50,,2006-06,0.51,0.51,0.50,,246.70M,0.575,,2006-06,,
2006-03,3.317B,3.317B,1.995B,1.322B,13.00M,318.00M,,,,440.00M,909.00M,413.00M,,,,13.00M,,293.00M,113.00M,180.00M,1.00M,,,,181.00M,101.00M,413.00M,,2006-03,0.74,0.7075,0.74,,2006-03,0.74,0.7076,0.74,,246.50M,0.575,,2006-03,,
2005-12,2.82B,2.82B,1.701B,1.119B,6.00M,306.00M,,,,422.00M,852.00M,267.00M,,,,6.00M,,195.00M,36.00M,159.00M,-21.00M,,,,138.00M,150.00M,267.00M,,2005-12,0.64,0.6200,0.56,,2005-12,0.64,0.6201,0.56,,246.20M,0.57,,2005-12,,
2005-09,3.337B,3.337B,1.877B,1.46B,5.00M,323.00M,,,,420.00M,890.00M,570.00M,,,,5.00M,,455.00M,168.00M,287.00M,-2.00M,,,,285.00M,184.00M,570.00M,,2005-09,1.17,1.157,1.17,,2005-09,1.17,1.157,1.16,,245.40M,0.57,,2005-09,,
2005-06,2.395B,2.395B,1.298B,1.097B,7.00M,281.00M,,,,405.00M,832.00M,265.00M,,,,7.00M,,158.00M,37.00M,121.00M,-3.00M,,,,118.00M,109.00M,265.00M,,2005-06,0.48,0.4580,0.47,,2005-06,0.48,0.4580,0.47,,244.20M,0.57,,2005-06,,
2005-03,2.80B,2.80B,1.583B,1.217B,12.00M,270.00M,,,,414.00M,825.00M,392.00M,,,,12.00M,,287.00M,106.00M,181.00M,,,,,181.00M,141.00M,392.00M,,2005-03,0.75,0.7188,0.75,,2005-03,0.75,0.7189,0.75,,243.40M,0.57,,2005-03,,
2004-12,2.153B,2.153B,1.229B,924.00M,-8.00M,265.00M,,,,374.00M,777.00M,147.00M,,,,-8.00M,,30.00M,-22.00M,52.00M,-2.00M,,,0.00,50.00M,135.00M,147.00M,,2004-12,0.28,0.3019,0.20,,2004-12,0.27,0.2900,0.19,,240.20M,0.565,,2004-12,,
2004-09,2.734B,2.734B,1.449B,1.285B,20.00M,278.00M,,,,384.00M,802.00M,483.00M,,,,20.00M,,397.00M,147.00M,250.00M,-4.00M,,,,246.00M,141.00M,483.00M,,2004-09,1.04,0.9878,1.02,,2004-09,1.03,0.978,1.01,,242.20M,0.565,,2004-09,,
2004-06,2.164B,2.164B,1.179B,985.00M,1.00M,255.00M,,,,359.00M,751.00M,234.00M,,,,1.00M,,130.00M,41.00M,89.00M,-3.00M,,,,86.00M,138.00M,234.00M,,2004-06,0.38,0.3771,0.37,,2004-06,0.38,0.3771,0.37,,234.90M,0.565,,2004-06,,
2004-03,2.679B,2.679B,1.516B,1.163B,8.00M,282.00M,,,,378.00M,796.00M,367.00M,,,,8.00M,,268.00M,110.00M,158.00M,-3.00M,,3.00M,,155.00M,137.00M,367.00M,,2004-03,0.70,0.6788,0.69,,2004-03,0.69,0.6689,0.68,,227.20M,0.565,,2004-03,,
2003-12,2.26B,2.26B,1.213B,1.047B,8.00M,267.00M,,,,310.00M,700.00M,347.00M,,,,8.00M,,240.00M,84.00M,156.00M,,,,3.00M,50.00M,136.00M,347.00M,,2003-12,0.73,0.7049,0.21,,2003-12,0.73,0.7067,0.21,,222.80M,0.56,,2003-12,,
2003-09,2.801B,2.801B,1.452B,1.349B,-2.00M,295.00M,,,,386.00M,815.00M,534.00M,,,,-2.00M,,425.00M,168.00M,257.00M,,,-3.00M,,257.00M,134.00M,534.00M,,2003-09,1.17,1.175,1.17,,2003-09,1.16,1.165,1.16,,226.00M,0.56,,2003-09,,
2003-06,2.176B,2.176B,1.20B,976.00M,1.00M,270.00M,,,,369.00M,769.00M,207.00M,,,,1.00M,,108.00M,39.00M,69.00M,,,,3.00M,69.00M,130.00M,207.00M,,2003-06,0.29,0.2871,0.29,,2003-06,0.29,0.2871,0.29,,220.30M,0.56,,2003-06,,
2003-03,2.57B,2.57B,1.413B,1.157B,2.00M,284.00M,,,,388.00M,801.00M,356.00M,,,,2.00M,,254.00M,97.00M,157.00M,,,,3.00M,157.00M,129.00M,356.00M,,2003-03,0.72,0.7142,0.72,,2003-03,0.72,0.7143,0.72,,215.10M,0.56,,2003-03,,
2002-12,2.053B,2.053B,1.032B,1.021B,36.00M,277.00M,,,,334.00M,729.00M,292.00M,,,,36.00M,,205.00M,62.00M,143.00M,,-2.00M,,3.00M,120.00M,126.00M,292.00M,,2002-12,0.66,0.5429,0.55,,2002-12,0.66,0.5429,0.55,,214.41M,0.555,,2002-12,,
2002-09,2.539B,2.539B,1.222B,1.317B,-2.00M,301.00M,,,,323.00M,750.00M,567.00M,,,,-2.00M,,458.00M,171.00M,287.00M,,,,3.00M,287.00M,126.43M,567.00M,,2002-09,1.34,1.346,1.34,,2002-09,1.33,1.336,1.33,,214.20M,0.555,,2002-09,,
2002-06,1.900B,1.900B,918.56M,981.68M,2.632M,269.25M,,,,329.36M,720.74M,260.94M,,,,2.632M,,159.93M,58.95M,100.98M,,,,3.398M,100.98M,122.57M,260.94M,,2002-06,0.46,0.4522,0.46,,2002-06,0.46,0.4522,0.46,,213.93M,0.555,,2002-06,,
2002-03,2.056B,2.056B,965.00M,1.091B,4.00M,267.00M,,,,337.00M,724.00M,367.00M,,,,4.00M,,266.00M,97.00M,169.00M,,-20.00M,,3.00M,149.00M,120.00M,367.00M,,2002-03,0.78,0.7680,0.68,,2002-03,0.78,0.7681,0.68,,213.31M,0.555,,2002-03,,
2001-12,1.887B,1.887B,829.32M,1.058B,-11.43M,260.95M,,,,351.50M,733.57M,324.43M,,,,-11.43M,,204.46M,75.79M,128.67M,,,,3.806M,128.67M,121.24M,324.43M,,2001-12,0.65,0.6840,0.59,,2001-12,0.65,0.6840,0.59,,211.64M,0.55,,2001-12,,
2001-09,2.628B,2.628B,1.259B,1.369B,-3.564M,313.58M,,,,359.73M,806.32M,562.48M,,,,-3.564M,,451.32M,170.58M,280.74M,,,,3.398M,280.74M,133.01M,562.48M,,2001-09,1.31,1.320,1.31,,2001-09,1.30,1.310,1.30,,213.17M,0.55,,2001-09,,
2001-06,2.112B,2.112B,1.021B,1.092B,-4.234M,256.48M,,,,395.72M,789.08M,302.54M,,,,-4.234M,,192.36M,88.28M,104.07M,,,,3.398M,104.07M,136.67M,302.54M,,2001-06,0.48,0.4920,0.48,,2001-06,0.48,0.4920,0.48,,212.56M,0.55,,2001-06,,
2001-03,2.886B,2.886B,1.650B,1.237B,-1.651M,307.75M,,,,390.05M,832.80M,403.78M,,,,-1.651M,,294.22M,111.70M,182.51M,,,,3.398M,182.51M,135.08M,403.78M,,2001-03,0.84,0.8448,0.84,,2001-03,0.84,0.8448,0.84,,212.16M,0.55,,2001-03,,
2000-12,2.250B,2.250B,1.258B,991.80M,-34.96M,225.37M,,,,389.28M,761.93M,229.87M,,,,-34.96M,,99.39M,39.71M,59.68M,,,,3.399M,59.68M,147.28M,229.87M,,2000-12,0.22,0.3193,0.22,,2000-12,0.21,0.3080,0.21,,214.13M,0.545,,2000-12,,
2000-09,2.821B,2.821B,1.446B,1.375B,8.08M,330.04M,,,,378.43M,859.26M,515.60M,,,,8.08M,,412.68M,132.80M,279.87M,,,-3.399M,,279.87M,150.78M,515.60M,,2000-09,1.32,1.294,1.32,,2000-09,1.32,1.294,1.32,,211.97M,0.545,,2000-09,,
2000-06,2.042B,2.042B,998.61M,1.043B,-1.534M,275.35M,,,,418.00M,838.97M,204.31M,,,,-1.534M,,100.68M,31.94M,68.75M,,,-3.398M,3.398M,68.75M,145.62M,204.31M,,2000-06,0.33,0.3349,0.33,,2000-06,0.33,0.3349,0.33,,211.97M,0.545,,2000-06,,
2000-03,2.319B,2.319B,1.082B,1.237B,4.155M,291.08M,,,,418.93M,852.73M,384.13M,,,,4.155M,,294.16M,102.62M,191.53M,,,,3.398M,191.53M,142.72M,384.13M,,2000-03,0.88,0.8672,0.88,,2000-03,0.88,0.8672,0.88,,211.96M,0.545,,2000-03,,
1999-12,1.889B,1.889B,833.50M,1.056B,-8.40M,276.60M,,,,406.40M,808.40M,247.50M,,,,-8.40M,,152.10M,27.10M,125.00M,,,,3.40M,125.00M,125.40M,247.50M,,1999-12,0.58,0.6121,0.58,,1999-12,0.57,0.6017,0.57,,218.07M,0.535,,1999-12,,
1999-09,2.346B,2.346B,838.90M,1.507B,9.00M,317.80M,,,,441.10M,893.40M,613.90M,,,,9.00M,,534.30M,194.90M,339.40M,,,,3.40M,339.40M,134.50M,613.90M,,1999-09,1.50,1.474,1.50,,1999-09,1.50,1.474,1.50,,220.29M,0.535,,1999-09,,
1999-06,1.479B,1.479B,480.90M,998.10M,-0.30M,285.00M,,,,381.70M,800.30M,197.80M,,,,-0.30M,,118.70M,48.90M,69.80M,,,,3.40M,69.80M,133.59M,197.80M,,1999-06,0.30,0.3008,0.30,,1999-06,0.30,0.3008,0.30,,225.98M,0.535,,1999-06,,
1999-03,1.777B,1.777B,585.90M,1.191B,1.049M,300.38M,,,,397.40M,830.49M,360.20M,,,,1.049M,,282.00M,101.96M,180.04M,,,,3.398M,180.04M,132.71M,360.20M,,1999-03,0.76,0.7571,0.76,,1999-03,0.76,0.7571,0.76,,231.00M,0.535,,1999-03,,
1998-12,1.617B,1.617B,466.10M,1.151B,-0.60M,289.40M,,,,431.00M,851.20M,299.90M,,,,-0.60M,,221.40M,86.30M,135.10M,,,,3.40M,135.10M,130.80M,299.90M,,1998-12,0.56,0.5616,0.56,,1998-12,0.56,0.5616,0.56,,233.16M,0.53,,1998-12,,
1998-09,2.062B,2.062B,586.50M,1.475B,-8.30M,326.10M,,,,388.60M,844.90M,630.20M,,,,-8.30M,,542.30M,190.70M,351.60M,,,,4.50M,351.60M,130.20M,630.20M,,1998-09,1.49,1.513,1.49,,1998-09,1.49,1.513,1.49,,233.63M,0.53,,1998-09,,
1998-06,1.561B,1.561B,535.20M,1.026B,4.10M,290.40M,,,,422.10M,841.80M,184.10M,,,,4.10M,,102.00M,35.50M,66.50M,,,,4.50M,66.50M,129.20M,184.10M,,1998-06,0.26,0.2486,0.26,,1998-06,0.26,0.2486,0.26,,234.99M,0.53,,1998-06,,
