,OperatingRevenue,Revenue,CostofGoodsSold,GrossProfit,GeneralandAdministrativeExpense,SG&AExpense,IncomeStatementDepreciation,AmortizationExpense,RentandLandingExpense,SpecialIncomeandCharges,NonIncomeTaxes,OperatingInterestExpense,OperatingInterestIncome,NetOperatingInterestIncome,OtherOperatingExpenses,TotalOperatingExpenses,OperatingIncome,Non-OperatingInterestIncome,Non-OperatingInterestExpense,NetNon-OperatingInterestIncomeExpense,OtherIncomeandExpenses,NetInterestIncome,Pre-TaxIncome,ProvisionforIncomeTaxes,IncomefromContinuingOperations,IncomeAttributabletoMinorityInterest,PreferredStockDividend,NetIncome,NormalizedIncome,EBITDA,,BasicEPS(Quarterly),EPSBasicfromContinuingOperations,EPSBasicfromDiscontinuedOperations,EPSBasicfromExtraordinaries,,DilutedEPS(Quarterly),EPSDilutedfromContinuingOperations,NormalizedDilutedEPS,EPSDiluted,,SharesData(Quarterly),AverageBasicSharesOutstanding,AverageDilutedSharesOutstanding,DividendPerShare,,SECFilingLinks,AsOriginallyReported,Restated
2020-09,2.385B,2.385B,1.387B,998.00M,461.00M,461.00M,42.00M,50.00M,70.00M,0.00,,80.00M,3.00M,-77.00M,,553.00M,445.00M,3.00M,80.00M,-77.00M,-5.00M,-77.00M,363.00M,82.00M,281.00M,-7.00M,,275.00M,278.64M,535.00M,,2020-09,1.18,0.00,,,2020-09,1.18,1.200,1.18,,2020-09,232.60M,233.50M,0.44,,2020-09,AOR,
2020-06,2.497B,2.497B,1.361B,1.136B,441.00M,441.00M,41.00M,58.00M,74.00M,-7.00M,,89.00M,0.00,-89.00M,,540.00M,596.00M,0.00,89.00M,-89.00M,-12.00M,-89.00M,495.00M,85.00M,410.00M,-13.00M,,398.00M,407.76M,683.00M,,2020-06,1.71,0.00,,,2020-06,1.70,1.746,1.70,,2020-06,232.70M,233.60M,0.44,,2020-06,AOR,
2020-03,3.219B,3.219B,1.522B,1.697B,522.00M,522.00M,41.00M,97.00M,73.00M,25.00M,,83.00M,2.00M,-81.00M,,660.00M,1.037B,2.00M,83.00M,-81.00M,25.00M,-81.00M,981.00M,189.00M,792.00M,-19.00M,,772.00M,754.44M,1.202B,,2020-03,3.31,0.00,,,2020-03,3.29,3.211,3.29,,2020-03,233.20M,234.50M,0.44,,2020-03,AOR,
2019-12,2.885B,2.885B,1.601B,1.284B,618.00M,618.00M,48.00M,97.00M,91.00M,5.00M,,80.00M,4.00M,-76.00M,,763.00M,521.00M,4.00M,80.00M,-76.00M,-4.00M,-76.00M,441.00M,59.00M,382.00M,-8.00M,,374.00M,378.33M,666.00M,,2019-12,1.59,0.00,,,2019-12,1.58,1.598,1.58,,2019-12,234.70M,236.70M,0.44,,2019-12,AOR,
2019-09,2.379B,2.379B,1.368B,1.011B,503.00M,503.00M,44.00M,101.00M,76.00M,1.00M,,78.00M,1.00M,-77.00M,,648.00M,363.00M,1.00M,78.00M,-77.00M,-1.00M,-77.00M,285.00M,56.00M,229.00M,-6.00M,,222.00M,224.61M,508.00M,,2019-09,0.94,0.00,,,2019-09,0.93,0.9367,0.93,,2019-09,236.90M,239.10M,0.44,,2019-09,AOR,Restated
2019-06,2.606B,2.606B,1.501B,1.105B,550.00M,550.00M,40.00M,97.00M,85.00M,2.00M,,77.00M,1.00M,-76.00M,,687.00M,418.00M,1.00M,77.00M,-76.00M,1.00M,-76.00M,343.00M,56.00M,287.00M,-10.00M,,277.00M,277.00M,557.00M,,2019-06,1.15,0.00,,,2019-06,1.14,1.14,1.14,,2019-06,240.60M,242.80M,0.44,,2019-06,AOR,Restated
2019-03,3.143B,3.143B,1.584B,1.559B,546.00M,546.00M,40.00M,97.00M,87.00M,5.00M,,72.00M,2.00M,-70.00M,,683.00M,876.00M,2.00M,72.00M,-70.00M,-4.00M,-70.00M,802.00M,126.00M,676.00M,-17.00M,,659.00M,663.22M,1.011B,,2019-03,2.72,0.00,,,2019-03,2.70,2.717,2.70,,2019-03,242.20M,243.70M,0.40,,2019-03,AOR,Restated
2018-12,2.77B,2.77B,1.601B,1.169B,513.00M,513.00M,50.00M,101.00M,87.00M,-2.00M,,70.00M,0.00,-70.00M,,664.00M,505.00M,0.00,70.00M,-70.00M,-14.00M,-70.00M,421.00M,137.00M,284.00M,-8.00M,,345.00M,286.12M,642.00M,,2018-12,1.14,0.28,,,2018-12,1.13,1.171,1.41,,2018-12,242.20M,244.90M,0.40,,2018-12,AOR,Restated
2018-09,2.349B,2.349B,1.392B,957.00M,555.00M,555.00M,40.00M,100.00M,94.00M,-3.00M,,69.00M,,-69.00M,,695.00M,262.00M,,69.00M,-69.00M,1.00M,-69.00M,194.00M,39.00M,155.00M,-6.00M,,147.00M,149.00M,403.00M,,2018-09,0.61,-0.01,,,2018-09,0.61,0.61,0.60,,2018-09,244.00M,245.60M,0.40,,2018-09,AOR,Restated
2018-06,2.561B,2.561B,1.494B,1.067B,761.00M,761.00M,47.00M,282.00M,96.00M,0.00,,69.00M,1.00M,-68.00M,,1.09B,-23.00M,1.00M,69.00M,-68.00M,4.00M,-68.00M,-87.00M,-144.00M,57.00M,-10.00M,,48.00M,45.54M,311.00M,,2018-06,0.19,0.01,,,2018-06,0.19,0.1841,0.19,,2018-06,246.00M,247.40M,0.40,,2018-06,AOR,Restated
2018-03,3.09B,3.09B,1.616B,1.474B,526.00M,526.00M,39.00M,110.00M,93.00M,,,70.00M,4.00M,-66.00M,,675.00M,799.00M,4.00M,70.00M,-66.00M,-15.00M,-66.00M,718.00M,114.00M,604.00M,-16.00M,,594.00M,588.00M,937.00M,,2018-03,2.37,0.02,,,2018-03,2.35,2.35,2.37,,2018-03,248.50M,250.20M,0.36,,2018-03,AOR,Restated
2017-12,2.909B,2.909B,1.64B,1.269B,615.00M,615.00M,39.00M,100.00M,89.00M,,,71.00M,7.00M,-64.00M,,754.00M,515.00M,7.00M,71.00M,-64.00M,-45.00M,-64.00M,406.00M,389.00M,17.00M,-7.00M,,-19.00M,10.00M,616.00M,,2017-12,0.04,-0.12,,,2017-12,0.04,0.04,-0.08,,2017-12,251.30M,254.10M,0.36,,2017-12,AOR,Restated
2017-09,2.34B,2.34B,1.428B,912.00M,515.00M,515.00M,40.00M,101.00M,89.00M,,,70.00M,10.00M,-60.00M,,656.00M,256.00M,10.00M,70.00M,-60.00M,4.00M,-60.00M,200.00M,4.00M,196.00M,-7.00M,,185.00M,189.00M,411.00M,,2017-09,0.74,-0.02,,,2017-09,0.73,0.73,0.72,,2017-09,255.60M,257.30M,0.36,,2017-09,AOR,Restated
2017-06,2.368B,2.368B,1.466B,902.00M,515.00M,515.00M,54.00M,460.00M,86.00M,,,71.00M,8.00M,-63.00M,,1.029B,-127.00M,8.00M,71.00M,-63.00M,4.00M,-63.00M,-186.00M,-143.00M,-43.00M,-9.00M,,769.00M,-52.00M,399.00M,,2017-06,-0.20,3.13,,,2017-06,-0.20,-0.20,2.93,,2017-06,262.40M,262.40M,0.36,,2017-06,AOR,Restated
2017-03,2.381B,2.381B,1.469B,912.00M,480.00M,480.00M,54.00M,43.00M,84.00M,,,70.00M,2.00M,-68.00M,,577.00M,335.00M,2.00M,70.00M,-68.00M,-2.00M,-68.00M,265.00M,0.00,265.00M,-14.00M,,291.00M,251.00M,432.00M,,2017-03,0.95,0.15,,,2017-03,0.94,0.94,1.09,,2017-03,264.80M,267.00M,0.33,,2017-03,AOR,Restated
2016-12,2.65B,2.65B,1.473B,1.177B,457.00M,457.00M,44.00M,40.00M,86.00M,,,70.00M,3.00M,-67.00M,,541.00M,636.00M,3.00M,70.00M,-67.00M,-164.00M,-67.00M,405.00M,21.00M,384.00M,-7.00M,,452.00M,377.00M,559.00M,,2016-12,1.89,0.28,,,2016-12,1.87,1.87,1.87,,2016-12,265.10M,268.20M,0.33,,2016-12,AOR,Restated
2016-09,2.201B,2.201B,1.30B,901.00M,452.00M,452.00M,39.00M,42.00M,86.00M,,,70.00M,1.00M,-69.00M,,533.00M,368.00M,1.00M,70.00M,-69.00M,10.00M,-69.00M,309.00M,25.00M,284.00M,-7.00M,,319.00M,277.00M,460.00M,,2016-09,1.03,0.16,,,2016-09,1.03,1.03,1.18,,2016-09,267.50M,269.60M,0.33,,2016-09,AOR,Restated
2016-06,2.282B,2.282B,1.396B,886.00M,420.00M,420.00M,41.00M,38.00M,89.00M,,,73.00M,3.00M,-70.00M,,499.00M,387.00M,3.00M,73.00M,-70.00M,-1.00M,-70.00M,316.00M,43.00M,273.00M,-8.00M,,300.00M,265.00M,468.00M,,2016-06,0.99,0.13,,,2016-06,0.98,0.98,1.11,,2016-06,268.00M,269.80M,0.33,,2016-06,AOR,Restated
2016-03,2.276B,2.276B,1.345B,931.00M,436.00M,436.00M,38.00M,37.00M,82.00M,,,69.00M,2.00M,-67.00M,,511.00M,420.00M,2.00M,69.00M,-67.00M,18.00M,-67.00M,371.00M,59.00M,312.00M,-12.00M,,325.00M,300.00M,515.00M,,2016-03,1.11,0.09,,,2016-03,1.10,1.10,1.19,,2016-03,271.70M,273.70M,0.30,,2016-03,AOR,Restated
2015-12,1.086B,1.086B,625.00M,461.00M,-332.00M,-332.00M,,,,,,68.00M,4.00M,-64.00M,,5.00M,456.00M,4.00M,68.00M,-64.00M,49.00M,-64.00M,441.00M,20.00M,421.00M,-6.00M,,584.00M,415.00M,509.00M,,2015-12,2.12,,,,2015-12,2.09,2.09,2.09,,2015-12,273.60M,277.50M,0.30,,2015-12,AOR,Restated
2015-09,2.742B,2.742B,1.644B,1.098B,685.00M,685.00M,,,,,,72.00M,3.00M,-69.00M,,685.00M,413.00M,3.00M,72.00M,-69.00M,8.00M,-69.00M,352.00M,49.00M,303.00M,-8.00M,,295.00M,295.00M,558.00M,,2015-09,1.05,,,,2015-09,1.04,1.04,1.04,,2015-09,280.90M,283.80M,0.30,,2015-09,AOR,Restated
2015-06,2.805B,2.805B,1.653B,1.152B,875.00M,875.00M,,,,,,68.00M,4.00M,-64.00M,,875.00M,277.00M,4.00M,68.00M,-64.00M,1.00M,-64.00M,214.00M,26.00M,188.00M,-10.00M,,178.00M,178.00M,418.00M,,2015-06,0.63,,,,2015-06,0.62,0.62,0.62,,2015-06,284.50M,286.70M,0.30,,2015-06,AOR,Restated
2015-03,2.847B,2.847B,1.683B,1.164B,723.00M,723.00M,,,,,,65.00M,3.00M,-62.00M,,723.00M,441.00M,3.00M,65.00M,-62.00M,42.00M,-62.00M,421.00M,80.00M,341.00M,-13.00M,,328.00M,328.00M,622.00M,,2015-03,1.15,,,,2015-03,1.14,1.14,1.14,,2015-03,284.20M,287.10M,0.25,,2015-03,AOR,Restated
2014-12,3.299B,3.299B,1.848B,1.451B,816.00M,816.00M,,,,,,67.00M,3.00M,-64.00M,,816.00M,635.00M,3.00M,67.00M,-64.00M,10.00M,-64.00M,581.00M,114.00M,467.00M,-8.00M,,459.00M,459.00M,796.00M,,2014-12,1.60,,,,2014-12,1.56,1.56,1.56,,2014-12,287.70M,293.60M,0.25,,2014-12,AOR,Restated
2014-09,2.88B,2.88B,1.707B,1.173B,756.00M,756.00M,,,,,,65.00M,3.00M,-62.00M,,756.00M,417.00M,3.00M,65.00M,-62.00M,35.00M,-62.00M,390.00M,75.00M,315.00M,-6.00M,,309.00M,309.00M,606.00M,,2014-09,1.06,,,,2014-09,1.04,1.04,1.04,,2014-09,292.30M,296.10M,0.25,,2014-09,AOR,Restated
2014-06,2.919B,2.919B,1.708B,1.211B,766.00M,766.00M,,,,,,65.00M,2.00M,-63.00M,,766.00M,445.00M,2.00M,65.00M,-63.00M,-2.00M,-63.00M,380.00M,67.00M,313.00M,-9.00M,,304.00M,304.00M,594.00M,,2014-06,1.02,,,,2014-06,1.01,1.01,1.01,,2014-06,298.50M,301.60M,0.25,,2014-06,AOR,Restated
2014-03,2.947B,2.947B,1.751B,1.196B,727.00M,727.00M,,,,,,58.00M,2.00M,-56.00M,,727.00M,469.00M,2.00M,58.00M,-56.00M,1.00M,-56.00M,414.00M,78.00M,336.00M,-11.00M,,325.00M,325.00M,618.00M,,2014-03,1.07,,,,2014-03,1.06,1.06,1.06,,2014-03,303.50M,307.20M,0.175,,2014-03,AOR,Restated
2013-12,3.209B,3.209B,1.842B,1.367B,852.00M,852.00M,,,,,,57.00M,3.00M,-54.00M,,852.00M,515.00M,3.00M,57.00M,-54.00M,14.00M,-54.00M,475.00M,115.00M,360.00M,-5.00M,,355.00M,355.00M,694.00M,,2013-12,1.16,,,,2013-12,1.14,1.14,1.14,,2013-12,306.00M,311.50M,0.175,,2013-12,AOR,Restated
2013-09,2.794B,2.794B,1.666B,1.128B,764.00M,764.00M,,,,,,53.00M,3.00M,-50.00M,,764.00M,364.00M,3.00M,53.00M,-50.00M,39.00M,-50.00M,353.00M,89.00M,264.00M,-8.00M,,256.00M,256.00M,563.00M,,2013-09,0.83,,,,2013-09,0.82,0.82,0.82,,2013-09,309.50M,312.90M,0.175,,2013-09,AOR,Restated
2013-06,2.897B,2.897B,1.712B,1.185B,803.00M,803.00M,,,,,,48.00M,2.00M,-46.00M,,803.00M,382.00M,2.00M,48.00M,-46.00M,6.00M,-46.00M,342.00M,90.00M,252.00M,-11.00M,,241.00M,241.00M,548.00M,,2013-06,0.77,,,,2013-06,0.76,0.76,0.76,,2013-06,313.70M,317.10M,0.175,,2013-06,AOR,Restated
2013-03,2.915B,2.915B,1.725B,1.19B,780.00M,780.00M,,,,,,52.00M,1.00M,-51.00M,,780.00M,410.00M,1.00M,52.00M,-51.00M,9.00M,-51.00M,368.00M,96.00M,272.00M,-11.00M,,261.00M,261.00M,578.00M,,2013-03,0.82,,,,2013-03,0.82,0.82,0.82,,2013-03,316.40M,320.00M,0.1575,,2013-03,AOR,Restated
2012-12,3.115B,3.115B,1.789B,1.326B,865.00M,865.00M,,,,,,55.00M,4.00M,-51.00M,,865.00M,461.00M,4.00M,55.00M,-51.00M,-1.00M,-51.00M,409.00M,103.00M,306.00M,-2.00M,,305.00M,304.00M,638.00M,,2012-12,0.95,0.00,,,2012-12,0.93,0.93,0.93,,2012-12,322.20M,327.20M,0.1575,,2012-12,AOR,Restated
2012-09,2.737B,2.737B,1.62B,1.117B,778.00M,778.00M,,,,,,57.00M,1.00M,-56.00M,,778.00M,339.00M,1.00M,57.00M,-56.00M,-9.00M,-56.00M,274.00M,64.00M,210.00M,-6.00M,,204.00M,204.00M,492.00M,,2012-09,0.6233,0.00,,,2012-09,0.6163,0.6163,0.62,,2012-09,327.30M,331.00M,0.1575,,2012-09,AOR,Restated
2012-06,2.821B,2.821B,1.639B,1.182B,788.00M,788.00M,,,,,,57.00M,2.00M,-55.00M,,788.00M,394.00M,2.00M,57.00M,-55.00M,12.00M,-55.00M,351.00M,96.00M,255.00M,-8.00M,,246.00M,247.00M,569.00M,,2012-06,0.7440,-0.0030,,,2012-06,0.7360,0.7360,0.73,,2012-06,332.00M,335.60M,0.1575,,2012-06,AOR,Restated
2012-03,2.841B,2.841B,1.661B,1.18B,778.00M,778.00M,,,,,,59.00M,3.00M,-56.00M,,778.00M,402.00M,3.00M,59.00M,-56.00M,,-56.00M,346.00M,97.00M,249.00M,-11.00M,,238.00M,238.00M,564.00M,,2012-03,0.72,,,,2012-03,0.71,0.71,0.71,,2012-03,332.40M,336.60M,0.15,,2012-03,AOR,Restated
2011-12,2.994B,2.994B,6.567B,-3.573B,-4.003B,-4.003B,,,,,,59.00M,4.00M,-55.00M,,-4.003B,430.00M,4.00M,59.00M,-55.00M,13.00M,-55.00M,388.00M,104.00M,284.00M,-3.00M,,277.00M,281.00M,592.00M,,2011-12,0.85,,,,2011-12,0.83,0.83,0.82,,2011-12,331.90M,338.20M,0.15,,2011-12,AOR,Restated
2011-09,2.723B,2.723B,,2.723B,2.395B,2.395B,,,,20.00M,,60.00M,4.00M,-56.00M,,2.395B,328.00M,4.00M,60.00M,-56.00M,20.00M,-56.00M,292.00M,84.00M,208.00M,-10.00M,,198.00M,183.75M,496.00M,,2011-09,0.59,0.00,,,2011-09,0.59,0.5477,0.59,,2011-09,332.60M,336.90M,0.15,,2011-09,AOR,Restated
2011-06,2.811B,2.811B,,2.811B,2.371B,2.371B,,,,-29.00M,,63.00M,4.00M,-59.00M,,2.371B,440.00M,4.00M,63.00M,-59.00M,-29.00M,-59.00M,352.00M,87.00M,265.00M,-9.00M,,258.00M,277.83M,564.00M,,2011-06,0.76,0.00,,,2011-06,0.75,0.8137,0.75,,2011-06,337.70M,342.70M,0.15,,2011-06,AOR,Restated
2011-03,2.759B,2.759B,,2.759B,2.361B,2.361B,,,,15.00M,,63.00M,6.00M,-57.00M,,2.361B,398.00M,6.00M,63.00M,-57.00M,15.00M,-57.00M,356.00M,103.00M,253.00M,-9.00M,,246.00M,233.34M,563.00M,,2011-03,0.72,0.00,,,2011-03,0.71,0.6791,0.71,,2011-03,339.40M,345.40M,0.15,,2011-03,AOR,Restated
2010-12,2.909B,2.909B,5.097B,-2.188B,-2.628B,-2.628B,,,,,,65.00M,6.00M,-59.00M,,-2.628B,440.00M,6.00M,65.00M,-59.00M,-21.00M,-59.00M,360.00M,118.00M,242.00M,-10.00M,,231.00M,232.00M,551.00M,,2010-12,0.70,0.00,,,2010-12,0.68,0.68,0.69,,2010-12,340.80M,346.70M,0.15,,2010-12,AOR,Restated
2010-09,1.801B,1.801B,,1.801B,1.538B,1.538B,,,,-9.00M,,50.00M,4.00M,-46.00M,,1.538B,263.00M,4.00M,50.00M,-46.00M,-9.00M,-46.00M,208.00M,61.00M,147.00M,-3.00M,,144.00M,150.36M,319.00M,,2010-09,0.52,0.00,,,2010-09,0.51,0.5325,0.51,,2010-09,278.70M,282.20M,0.15,,2010-09,AOR,
2010-06,1.898B,1.898B,,1.898B,1.63B,1.63B,,,,5.00M,,33.00M,4.00M,-29.00M,,1.63B,268.00M,4.00M,33.00M,-29.00M,5.00M,-29.00M,244.00M,60.00M,184.00M,-5.00M,,153.00M,175.23M,337.00M,,2010-06,0.64,-0.09,,,2010-06,0.63,0.6167,0.54,,2010-06,278.40M,282.60M,0.15,,2010-06,AOR,Restated
2010-03,1.904B,1.904B,,1.904B,1.631B,1.631B,,,,7.00M,,34.00M,1.00M,-33.00M,,1.631B,273.00M,1.00M,34.00M,-33.00M,7.00M,-33.00M,247.00M,61.00M,186.00M,-8.00M,,178.00M,172.73M,339.00M,,2010-03,0.65,0.00,,,2010-03,0.63,0.6114,0.63,,2010-03,275.90M,283.40M,0.15,,2010-03,AOR,Restated
2009-12,2.073B,2.073B,,2.073B,1.832B,1.832B,,,,6.00M,,35.00M,6.00M,-29.00M,,1.832B,241.00M,6.00M,35.00M,-29.00M,6.00M,-29.00M,218.00M,56.00M,162.00M,-20.00M,,198.00M,137.54M,321.00M,,2009-12,0.51,0.20,,,2009-12,0.50,0.4845,0.69,,2009-12,279.30M,287.80M,0.15,,2009-12,AOR,Restated
2009-09,1.794B,1.794B,,1.794B,1.60B,1.60B,,,,13.00M,,32.00M,3.00M,-29.00M,,1.60B,194.00M,3.00M,32.00M,-29.00M,13.00M,-29.00M,178.00M,47.00M,131.00M,-14.00M,,120.00M,107.43M,266.00M,,2009-09,0.41,0.01,,,2009-09,0.40,0.3672,0.41,,2009-09,283.80M,292.10M,0.15,,2009-09,AOR,Restated
2009-06,1.882B,1.882B,,1.882B,1.662B,1.662B,,,,14.00M,,26.00M,2.00M,-24.00M,,1.662B,220.00M,2.00M,26.00M,-24.00M,14.00M,-24.00M,210.00M,57.00M,153.00M,-6.00M,,149.00M,136.80M,294.00M,,2009-06,0.52,0.00,,,2009-06,0.50,0.4652,0.51,,2009-06,285.40M,292.70M,0.15,,2009-06,AOR,Restated
2009-03,1.846B,1.846B,,1.846B,1.48B,1.48B,,,,-1.00M,,29.00M,7.00M,-22.00M,,1.48B,366.00M,7.00M,29.00M,-22.00M,-1.00M,-22.00M,343.00M,108.00M,235.00M,-5.00M,,280.00M,230.69M,432.00M,,2009-03,0.81,0.18,,,2009-03,0.79,0.7923,0.96,,2009-03,284.30M,292.00M,0.15,,2009-03,AOR,Restated
2008-12,1.821B,1.821B,,1.821B,1.827B,1.827B,,,,-38.00M,,30.00M,,64.00M,,1.67B,151.00M,,30.00M,64.00M,-38.00M,64.00M,177.00M,50.00M,127.00M,-4.00M,,-6.00M,150.27M,272.00M,,2008-12,0.44,-0.39,,,2008-12,0.43,0.5236,0.05,,2008-12,280.50M,291.30M,0.15,,2008-12,AOR,Restated
2008-09,1.846B,1.846B,,1.846B,1.55B,1.55B,,,,3.00M,,32.00M,,-32.00M,,1.599B,247.00M,,32.00M,-32.00M,3.00M,-32.00M,218.00M,59.00M,159.00M,-4.00M,,117.00M,152.81M,299.00M,,2008-09,0.55,-0.13,,,2008-09,0.53,0.5226,0.40,,2008-09,281.70M,293.90M,0.15,,2008-09,AOR,Restated
2008-06,1.956B,1.956B,,1.956B,1.643B,1.643B,,,,2.00M,,31.00M,,-31.00M,,1.701B,255.00M,,31.00M,-31.00M,2.00M,-31.00M,226.00M,57.00M,169.00M,-3.00M,,1.133B,164.50M,315.00M,,2008-06,0.56,3.26,,,2008-06,0.54,0.5351,3.71,,2008-06,289.50M,305.30M,0.15,,2008-06,AOR,Restated
2008-03,1.905B,1.905B,,1.905B,1.568B,1.568B,,,,4.00M,,33.00M,,-33.00M,,1.618B,287.00M,,33.00M,-33.00M,4.00M,-33.00M,258.00M,76.00M,182.00M,-5.00M,,218.00M,174.18M,341.00M,,2008-03,0.57,0.13,,,2008-03,0.55,0.5412,0.68,,2008-03,311.90M,319.80M,0.15,,2008-03,AOR,Restated
2007-12,1.998B,1.998B,,1.998B,1.637B,1.637B,,,,6.00M,,36.00M,,-36.00M,,1.689B,309.00M,,36.00M,-36.00M,6.00M,-36.00M,279.00M,86.00M,193.00M,,,207.00M,188.85M,371.00M,,2007-12,0.64,0.04,,,2007-12,0.60,0.5872,0.64,,2007-12,304.00M,324.20M,0.15,,2007-12,AOR,Restated
2007-09,1.749B,1.749B,,1.749B,1.445B,1.445B,,,,0.00,,33.00M,,-33.00M,,1.493B,256.00M,,33.00M,-33.00M,,-33.00M,223.00M,93.00M,130.00M,,,204.00M,130.00M,306.00M,,2007-09,0.44,0.25,,,2007-09,0.41,0.41,0.64,,2007-09,295.00M,321.50M,0.15,,2007-09,AOR,Restated
2007-06,1.866B,1.866B,,1.866B,1.534B,1.534B,,,,29.00M,,34.00M,,-34.00M,,1.58B,286.00M,,34.00M,-34.00M,29.00M,-34.00M,281.00M,98.00M,183.00M,,,240.00M,164.11M,364.00M,,2007-06,0.62,0.19,,,2007-06,0.57,0.5113,0.75,,2007-06,296.00M,321.90M,0.15,,2007-06,AOR,Restated
2007-03,1.798B,1.798B,,,1.053B,1.053B,,,,0.00,,,,,423.00M,1.523B,275.00M,,,,,,240.00M,75.00M,165.00M,,,213.00M,165.00M,325.00M,,2007-03,0.55,0.16,,,2007-03,0.51,0.51,0.66,,2007-03,298.00M,324.40M,0.15,,2007-03,AOR,Restated
2006-12,2.029B,340.00M,,,,,,,,,,,,,,316.00M,24.00M,,,,,,-9.00M,-18.00M,9.00M,,,223.00M,9.00M,128.00M,,2006-12,0.04,0.68,0.00,,2006-12,0.04,0.04,0.67,,2006-12,233.00M,333.40M,0.15,,2006-12,AOR,Restated
2006-09,1.589B,2.168B,,,,,,,,,,,,,1.939B,1.995B,173.00M,,,,,,139.00M,49.00M,90.00M,,,106.00M,90.00M,229.00M,,2006-09,0.29,0.05,0.00,,2006-09,0.27,0.27,0.32,,2006-09,340.10M,340.10M,0.15,,2006-09,AOR,Restated
2006-06,1.651B,2.208B,,,1.59B,1.59B,,,,,,,,,262.00M,1.907B,301.00M,,,,,,267.00M,92.00M,175.00M,,,193.00M,175.00M,356.00M,,2006-06,0.54,0.06,0.00,,2006-06,0.52,0.52,0.57,,2006-06,320.00M,344.80M,0.15,,2006-06,AOR,Restated
2006-03,1.612B,2.165B,,,1.097B,1.097B,,,,-255.00M,-1.868B,,,,2.36B,1.644B,521.00M,,,,-255.00M,,266.00M,93.00M,173.00M,,,198.00M,338.85M,576.00M,,2006-03,0.54,0.07,0.00,,2006-03,0.50,0.9736,0.57,,2006-03,324.59M,350.20M,0.15,,2006-03,AOR,Restated
2005-12,1.895B,402.00M,,,2.506B,2.506B,,,,-1.00M,,,,,,462.00M,-60.00M,,,,-1.00M,,-92.00M,-40.00M,-52.00M,,,222.00M,-51.40M,40.00M,,2005-12,-0.17,0.85,0.00,,2005-12,-0.17,-0.1683,0.65,,2005-12,323.85M,347.80M,0.15,,2005-12,AOR,Restated
2005-09,1.527B,2.018B,,,,,,,,,,,,,1.768B,1.845B,173.00M,,,,,,144.00M,47.00M,97.00M,,1.00M,122.00M,97.00M,250.00M,,2005-09,0.29,0.08,0.00,,2005-09,0.29,0.29,0.36,,2005-09,327.03M,342.70M,0.15,,2005-09,AOR,Restated
2005-06,1.61B,2.148B,,,1.552B,1.552B,,,,,-1.871B,,,,2.131B,1.871B,277.00M,,,,,,246.00M,98.00M,193.00M,,,191.00M,193.00M,375.00M,,2005-06,0.60,-0.01,0.00,,2005-06,0.58,0.58,0.57,,2005-06,323.73M,338.50M,0.15,,2005-06,AOR,Restated
2005-03,1.675B,2.464B,,,1.123B,1.123B,,,,,-2.12B,,,,3.05B,2.12B,344.00M,,,,,,310.00M,112.00M,198.00M,,1.00M,200.00M,198.00M,412.00M,,2005-03,0.61,0.01,0.00,,2005-03,0.58,0.58,0.59,,2005-03,320.97M,337.10M,0.15,,2005-03,AOR,Restated
2004-12,2.023B,2.834B,,,2.286B,2.286B,,,,,-2.474B,,,,2.836B,2.474B,360.00M,,,,,,145.00M,40.00M,105.00M,,1.00M,81.00M,104.00M,436.00M,,2004-12,0.33,-0.08,,,2004-12,0.31,0.31,0.24,,2004-12,319.72M,336.60M,0.15,,2004-12,AOR,
2004-09,1.603B,2.347B,,,1.684B,1.684B,,,,,-2.14B,,,,2.519B,2.14B,207.00M,,,,,,175.00M,62.00M,113.00M,,1.00M,122.00M,98.00M,285.00M,,2004-09,0.35,0.03,,,2004-09,0.33,0.33,0.36,,2004-09,318.42M,337.40M,0.15,,2004-09,AOR,Restated
2004-06,1.759B,2.544B,,,1.752B,1.752B,,,,,-2.227B,,,,2.619B,2.227B,317.00M,,,,,,282.00M,102.00M,180.00M,,,173.00M,193.00M,401.00M,,2004-06,0.56,-0.02,,,2004-06,0.54,0.54,0.52,,2004-06,320.37M,337.10M,0.15,,2004-06,AOR,Restated
2004-03,1.791B,2.564B,,,,1.777B,,,,,,,,,383.00M,2.23B,334.00M,,,,,,300.00M,108.00M,192.00M,,1.00M,170.00M,226.00M,405.00M,,2004-03,0.60,-0.07,,,2004-03,0.58,0.58,0.51,,2004-03,318.87M,335.30M,0.15,,2004-03,AOR,Restated
2003-12,1.907B,2.668B,,,1.959B,1.959B,,20.00M,,60.00M,-2.369B,,,,2.759B,2.369B,299.00M,,,,60.00M,,337.00M,125.00M,203.00M,-9.00M,1.00M,215.00M,64.26M,387.00M,,2003-12,0.63,0.04,,,2003-12,0.63,0.5123,0.67,,2003-12,320.57M,320.57M,0.15,,2003-12,AOR,
2003-09,1.638B,2.368B,,,1.718B,1.718B,,17.00M,,,-2.102B,,,,2.469B,2.102B,266.00M,,,,,,242.00M,90.00M,143.00M,-9.00M,1.00M,115.00M,203.00M,345.00M,,2003-09,0.45,-0.09,,,2003-09,0.45,0.45,0.36,,2003-09,316.67M,318.60M,0.15,,2003-09,AOR,Restated
2003-06,1.688B,2.412B,,,1.776B,1.776B,,15.00M,,-9.00M,-2.116B,,,,2.441B,2.116B,296.00M,,,,-9.00M,,260.00M,96.00M,155.00M,9.00M,,146.00M,160.68M,375.00M,,2003-06,0.49,-0.03,,,2003-06,0.49,0.5078,0.46,,2003-06,317.39M,318.20M,0.15,,2003-06,AOR,Restated
2003-03,1.658B,2.369B,,,,1.678B,,13.00M,,,,,,,382.00M,2.073B,296.00M,,,,,,268.00M,99.00M,160.00M,-9.00M,1.00M,152.00M,160.00M,364.00M,,2003-03,0.51,-0.03,,,2003-03,0.51,0.51,0.48,,2003-03,314.58M,315.20M,0.15,,2003-03,AOR,Restated
2002-12,-828.00M,999.00M,,,1.601B,1.601B,,,,11.00M,-1.934B,,,,,-333.00M,1.332B,,,,11.00M,,312.00M,116.00M,196.00M,4.00M,1.00M,178.00M,189.09M,1.406B,,2002-12,0.30,0.27,,,2002-12,0.30,0.2783,0.57,,2002-12,318.71M,318.71M,0.15,,2002-12,AOR,Restated
2002-09,2.242B,2.242B,,,1.64B,1.64B,,,,18.00M,-2.003B,,,,,-363.00M,2.605B,,,,18.00M,,215.00M,83.00M,132.00M,10.00M,1.00M,128.00M,120.95M,2.667B,,2002-09,0.47,-0.01,,,2002-09,0.47,0.4301,0.46,,2002-09,277.10M,277.10M,0.225,,2002-09,AOR,
2002-06,1.51B,2.122B,,,1.671B,1.671B,,14.00M,,0.00,-2.076B,,,,2.467B,2.076B,46.00M,,,,,,16.00M,6.00M,0.00,-10.00M,,0.00,0.00,114.00M,,2002-06,0.00,0.00,,,2002-06,0.00,0.00,0.00,,2002-06,271.05M,278.00M,0.225,,2002-06,AOR,
2002-03,1.444B,2.088B,,,1.463B,1.463B,,11.00M,,0.00,-1.878B,,,,2.282B,1.878B,210.00M,,,,,,181.00M,67.00M,103.00M,-10.00M,1.00M,104.00M,104.00M,268.00M,,2002-03,0.38,0.00,,,2002-03,0.37,0.37,0.37,,2002-03,271.05M,276.60M,0.225,,2002-03,AOR,
2001-12,1.268B,1.786B,,,,,,,,,-1.906B,,,,,-12.39B,14.18B,,,,,,57.00M,61.00M,26.00M,70.00M,1.00M,27.00M,26.00M,14.27B,,2001-12,0.10,0.00,,,2001-12,0.09,0.09,0.09,,2001-12,262.12M,273.79M,0.225,,2001-12,AOR,Restated
2001-09,1.297B,1.912B,,,1.384B,1.384B,,40.00M,,-53.00M,-1.695B,,,,1.966B,1.695B,217.00M,,,,-53.00M,,133.00M,51.00M,72.00M,-10.00M,1.00M,72.00M,104.68M,301.00M,,2001-09,0.26,0.00,0.00,,2001-09,0.26,0.3787,0.26,,2001-09,273.08M,275.40M,0.225,,2001-09,AOR,
2001-06,1.347B,1.917B,,,1.523B,1.523B,,39.00M,,0.00,-1.822B,,,,2.082B,1.822B,95.00M,,,,,,64.00M,25.00M,29.00M,-10.00M,,29.00M,29.00M,180.00M,,2001-06,0.11,0.00,0.00,,2001-06,0.11,0.11,0.11,,2001-06,263.64M,270.20M,0.225,,2001-06,AOR,
2001-03,1.281B,1.811B,,,1.396B,1.396B,,39.00M,,0.00,-1.727B,,,,2.019B,1.727B,84.00M,,,,,,48.00M,19.00M,19.00M,-10.00M,1.00M,19.00M,19.00M,167.00M,,2001-03,0.07,0.00,0.00,,2001-03,0.07,0.07,0.07,,2001-03,257.14M,267.90M,0.22,,2001-03,AOR,
2000-12,1.31B,1.905B,,,,,,,,,,,,,,,6.527B,,,,,,,,87.00M,,,83.00M,78.00M,6.614B,,2000-12,0.32,0.02,,,2000-12,0.31,0.31,0.30,,2000-12,269.51M,274.12M,0.22,,2000-12,AOR,Restated
2000-09,1.176B,1.785B,,,,1.208B,,38.00M,,0.00,-1.503B,,,,1.76B,1.503B,282.00M,,,,,,244.00M,95.00M,138.00M,-10.00M,1.00M,139.00M,139.00M,363.00M,,2000-09,0.53,0.00,,,2000-09,0.53,0.53,0.53,,2000-09,260.38M,262.80M,0.22,,2000-09,AOR,
2000-06,1.203B,1.819B,,,,1.262B,,39.00M,,0.00,-1.558B,,,,1.815B,1.558B,261.00M,,,,,,228.00M,89.00M,129.00M,-10.00M,,129.00M,129.00M,344.00M,,2000-06,0.50,0.00,,,2000-06,0.49,0.49,0.49,,2000-06,258.00M,261.70M,0.22,,2000-06,AOR,
2000-03,1.205B,1.81B,,,,1.271B,,38.00M,,0.00,-1.561B,,,,1.813B,1.561B,249.00M,,,,,,218.00M,85.00M,122.00M,-10.00M,1.00M,123.00M,123.00M,331.00M,,2000-03,0.47,0.00,,,2000-03,0.47,0.47,0.47,,2000-03,259.57M,260.50M,0.21,,2000-03,AOR,
1999-12,-553.00M,1.878B,,,,,,,,,,,,,,10.85B,-8.975B,,,,,,70.00M,17.00M,13.00M,-70.00M,,13.00M,13.00M,-8.975B,,1999-12,0.05,0.00,,,1999-12,0.05,0.05,0.05,,1999-12,257.07M,261.80M,0.21,,1999-12,AOR,Restated
1999-09,1.77B,1.77B,,,,,,,,,-1.502B,,,,,-1.502B,3.272B,,,,,,229.00M,91.00M,138.00M,10.00M,1.00M,138.00M,138.00M,3.272B,,1999-09,0.53,0.00,,,1999-09,0.52,0.52,0.52,,1999-09,260.00M,264.00M,0.21,,1999-09,,
1999-06,1.723B,1.723B,,,,,,,,,-1.439B,,,,,-1.439B,3.162B,,,,,,250.00M,99.00M,151.00M,10.00M,1.00M,151.00M,151.00M,3.162B,,1999-06,0.58,0.00,,,1999-06,0.57,0.57,0.57,,1999-06,263.70M,263.70M,0.2067,,1999-06,,
1999-03,1.699B,1.699B,,,,,,,,,-1.582B,,,,,-1.582B,3.281B,,,,,,86.00M,36.00M,50.00M,10.00M,1.00M,50.00M,50.00M,3.281B,,1999-03,0.19,0.00,,,1999-03,0.19,0.19,0.19,,1999-03,261.80M,261.80M,0.1867,,1999-03,,
1998-12,-594.00M,1.702B,,,,,,,,,-1.44B,,,,,9.51B,-7.808B,,,,,,270.00M,90.00M,139.00M,-72.00M,1.00M,139.00M,139.00M,-7.808B,,1998-12,0.54,0.00,,,1998-12,0.54,0.54,0.54,,1998-12,243.21M,255.12M,0.1867,,1998-12,AOR,Restated
1998-09,1.607B,1.607B,,,,,,,,,-1.369B,,,,,-1.369B,2.976B,,,,,,204.00M,80.00M,124.00M,11.00M,1.00M,124.00M,124.00M,2.976B,,1998-09,0.48,0.00,,,1998-09,0.47,0.47,0.47,,1998-09,260.90M,260.90M,0.1867,,1998-09,,
1998-06,1.623B,1.623B,,,,,,,,,-1.362B,,,,,-1.362B,2.985B,,,,,,230.00M,90.00M,140.00M,10.00M,1.00M,140.00M,140.00M,2.985B,,1998-06,0.55,0.00,,,1998-06,0.54,0.54,0.54,,1998-06,258.30M,258.30M,0.1867,,1998-06,,
