,OperatingRevenue,Revenue,CostofGoodsSold,GrossProfit,SG&AExpense,ResearchandDevelopmentExpense,InvestmentWriteOff,SpecialIncomeandCharges,OperatingInterestExpense,NetOperatingInterestIncome,OtherOperatingExpenses,TotalOperatingExpenses,OperatingIncome,Non-OperatingInterestExpense,NetNon-OperatingInterestIncomeExpense,OtherIncomeandExpenses,NetInterestIncome,Pre-TaxIncome,ProvisionforIncomeTaxes,IncomefromContinuingOperations,IncomefromDiscontinuedOperations,IncomeAttributabletoMinorityInterest,PreferredStockDividend,NetIncome,NormalizedIncome,EBIT,,BasicEPS(Quarterly),EPSBasicfromContinuingOperations,EPSBasicfromDiscontinuedOperations,,DilutedEPS(Quarterly),EPSDilutedfromContinuingOperations,EPSDilutedfromDiscontinuedOperations,NormalizedDilutedEPS,SharesData(Quarterly),AverageBasicSharesOutstanding,AverageDilutedSharesOutstanding,SECFilingLinks,AsOriginallyReported,Restated
2020-09,2.809B,2.809B,2.034B,775.00M,253.00M,1.00M,0.00,-29.00M,99.00M,-99.00M,,353.00M,422.00M,99.00M,-99.00M,18.00M,-99.00M,341.00M,92.00M,249.00M,0.00,0.00,,249.00M,270.17M,440.00M,,2020-09,1.02,0.00,,2020-09,1.02,0.00,1.106,2020-09,244.00M,245.00M,2020-09,AOR,
2020-06,2.238B,2.238B,1.434B,804.00M,208.00M,2.00M,,,96.00M,-96.00M,,320.00M,484.00M,96.00M,-96.00M,26.00M,-96.00M,414.00M,101.00M,313.00M,,,,313.00M,313.00M,510.00M,,2020-06,1.28,0.00,,2020-06,1.27,0.00,1.27,2020-06,245.00M,246.00M,2020-06,AOR,
2020-03,2.019B,2.019B,1.457B,562.00M,209.00M,3.00M,18.00M,-15.00M,98.00M,-98.00M,,321.00M,241.00M,98.00M,-98.00M,1.00M,-98.00M,144.00M,23.00M,121.00M,0.00,,,121.00M,133.60M,242.00M,,2020-03,0.49,0.00,,2020-03,0.49,0.00,0.5406,2020-03,248.00M,249.00M,2020-03,AOR,
2019-12,2.195B,2.195B,1.654B,541.00M,212.00M,2.00M,1.00M,-11.00M,95.00M,-95.00M,,326.00M,215.00M,95.00M,-95.00M,0.00,-95.00M,120.00M,-3.343B,3.463B,-78.00M,-2.00M,,3.383B,3.469B,215.00M,,2019-12,13.24,-0.27,,2019-12,13.14,-0.27,13.17,2019-12,250.00M,252.00M,2019-12,AOR,
2019-09,2.996B,2.996B,2.153B,843.00M,210.00M,1.00M,107.00M,-108.00M,99.00M,-99.00M,,302.00M,541.00M,99.00M,-99.00M,-62.00M,-99.00M,380.00M,6.00M,374.00M,-2.00M,0.00,,372.00M,480.27M,479.00M,,2019-09,1.47,-0.01,,2019-09,1.46,-0.01,1.875,2019-09,254.00M,256.00M,2019-09,AOR,Restated
2019-06,2.465B,2.465B,1.845B,620.00M,211.00M,2.00M,,-49.00M,105.00M,-105.00M,,298.00M,322.00M,105.00M,-105.00M,-28.00M,-105.00M,188.00M,-1.00M,189.00M,13.00M,-1.00M,,201.00M,223.77M,293.00M,,2019-06,0.71,0.05,,2019-06,0.70,0.05,0.8340,2019-06,265.00M,267.00M,2019-06,AOR,Restated
2019-03,2.165B,2.165B,1.651B,514.00M,194.00M,2.00M,0.00,-12.00M,114.00M,-114.00M,,281.00M,233.00M,114.00M,-114.00M,-21.00M,-114.00M,98.00M,4.00M,94.00M,388.00M,,,482.00M,105.51M,212.00M,,2019-03,0.34,1.39,,2019-03,0.34,1.38,0.3811,2019-03,278.00M,280.00M,2019-03,AOR,Restated
2018-12,1.992B,1.992B,1.596B,396.00M,212.00M,2.00M,-1.00M,-64.00M,122.00M,-122.00M,,304.00M,92.00M,122.00M,-122.00M,-75.00M,-122.00M,-105.00M,-12.00M,-93.00M,80.00M,1.00M,,-12.00M,-35.31M,17.00M,,2018-12,-0.28,0.25,,2018-12,-0.28,0.25,-0.0865,2018-12,289.00M,293.00M,2018-12,AOR,Restated
2018-09,2.96B,2.96B,2.238B,722.00M,211.00M,1.00M,1.00M,-33.00M,122.00M,-122.00M,,311.00M,411.00M,122.00M,-122.00M,6.00M,-122.00M,295.00M,8.00M,287.00M,-336.00M,-23.00M,,-72.00M,296.11M,417.00M,,2018-09,0.88,-1.12,,2018-09,0.88,-1.12,0.9874,2018-09,299.00M,299.00M,2018-09,AOR,Restated
2018-06,2.461B,2.461B,1.889B,572.00M,200.00M,3.00M,,-84.00M,123.00M,-123.00M,,315.00M,257.00M,123.00M,-123.00M,-102.00M,-123.00M,32.00M,5.00M,27.00M,69.00M,-24.00M,,72.00M,73.90M,155.00M,,2018-06,0.01,0.22,,2018-06,0.01,0.22,0.2358,2018-06,310.00M,314.00M,2018-06,AOR,Restated
2018-03,2.065B,2.065B,1.385B,680.00M,176.00M,5.00M,,-20.00M,116.00M,-116.00M,,301.00M,379.00M,116.00M,-116.00M,-19.00M,-116.00M,244.00M,6.00M,238.00M,-5.00M,46.00M,,279.00M,303.50M,360.00M,,2018-03,0.90,-0.02,,2018-03,0.89,-0.02,0.9506,2018-03,318.00M,322.00M,2018-03,AOR,Restated
2017-12,1.828B,1.828B,1.297B,531.00M,202.00M,4.00M,,-1.616B,125.00M,-125.00M,,312.00M,219.00M,125.00M,-125.00M,-1.602B,-125.00M,-1.508B,-47.00M,-1.461B,-194.00M,121.00M,,-1.534B,225.63M,-1.383B,,2017-12,-4.22,-0.62,,2017-12,-4.22,-0.62,0.7189,2017-12,317.00M,317.00M,2017-12,AOR,Restated
2017-09,2.74B,2.74B,2.072B,668.00M,190.00M,6.00M,,-12.00M,139.00M,-139.00M,,359.00M,309.00M,139.00M,-139.00M,16.00M,-139.00M,186.00M,1.00M,185.00M,-22.00M,8.00M,,171.00M,204.94M,325.00M,,2017-09,0.61,-0.07,,2017-09,0.60,-0.07,0.6371,2017-09,317.00M,322.00M,2017-09,AOR,Restated
2017-06,2.701B,2.701B,1.841B,860.00M,221.00M,18.00M,,-61.00M,247.00M,-247.00M,,499.00M,361.00M,247.00M,-247.00M,-11.00M,-247.00M,103.00M,4.00M,99.00M,-741.00M,16.00M,,-626.00M,173.62M,350.00M,,2017-06,0.36,-2.34,,2017-06,0.36,-2.34,0.5455,2017-06,316.00M,316.00M,2017-06,AOR,Restated
2017-03,2.382B,2.382B,1.862B,520.00M,260.00M,17.00M,,0.00,225.00M,-225.00M,,534.00M,-14.00M,225.00M,-225.00M,66.00M,-225.00M,-173.00M,-4.00M,-169.00M,-34.00M,40.00M,,-163.00M,-129.00M,52.00M,,2017-03,-0.41,-0.11,,2017-03,-0.41,-0.11,-0.41,2017-03,316.00M,316.00M,2017-03,AOR,Restated
2016-12,587.00M,587.00M,965.00M,-378.00M,231.00M,-17.00M,121.00M,-563.00M,-135.00M,135.00M,,144.00M,-522.00M,-135.00M,135.00M,-527.00M,135.00M,-914.00M,-50.00M,-864.00M,-191.00M,68.00M,0.00,-987.00M,-263.80M,-1.049B,,2016-12,-2.52,-0.61,,2016-12,-2.52,-0.61,-0.8517,2016-12,319.00M,319.00M,2016-12,AOR,Restated
2016-09,3.421B,3.421B,2.44B,981.00M,277.00M,21.00M,8.00M,-63.00M,237.00M,-237.00M,,596.00M,385.00M,237.00M,-237.00M,8.00M,-237.00M,156.00M,28.00M,128.00M,265.00M,9.00M,,402.00M,188.72M,393.00M,,2016-09,0.43,0.84,,2016-09,0.43,0.84,0.5932,2016-09,316.00M,317.00M,2016-09,AOR,Restated
2016-06,2.248B,2.248B,1.443B,805.00M,266.00M,18.00M,-7.00M,-217.00M,237.00M,-237.00M,,546.00M,259.00M,237.00M,-237.00M,-160.00M,-237.00M,-138.00M,25.00M,-163.00M,-113.00M,5.00M,,-271.00M,19.72M,99.00M,,2016-06,-0.25,-0.36,,2016-06,-0.25,-0.36,0.3142,2016-06,315.00M,315.00M,2016-06,AOR,Restated
2016-03,3.229B,3.229B,2.194B,1.035B,252.00M,26.00M,146.00M,-103.00M,284.00M,-284.00M,,591.00M,444.00M,284.00M,-284.00M,-92.00M,-284.00M,68.00M,21.00M,47.00M,,35.00M,5.00M,82.00M,153.17M,352.00M,,2016-03,0.24,,,2016-03,0.24,,0.4659,2016-03,315.00M,315.00M,2016-03,AOR,Restated
2015-12,665.00M,665.00M,449.00M,216.00M,350.00M,45.00M,,-4.625B,82.00M,-82.00M,,573.00M,-357.00M,82.00M,-82.00M,-4.426B,-82.00M,-4.865B,1.388B,-6.253B,,44.00M,,-6.314B,-3.434B,-4.783B,,2015-12,-18.89,,,2015-12,-18.89,,-10.05,2015-12,314.00M,314.00M,2015-12,AOR,Restated
2015-09,4.434B,4.434B,3.042B,1.392B,327.00M,38.00M,,-268.00M,291.00M,-291.00M,,747.00M,645.00M,291.00M,-291.00M,-240.00M,-291.00M,114.00M,47.00M,67.00M,,-1.00M,,66.00M,226.80M,405.00M,,2015-09,0.18,,,2015-09,0.18,,0.6643,2015-09,331.00M,332.00M,2015-09,AOR,Restated
2015-06,3.40B,3.40B,2.436B,964.00M,296.00M,37.00M,0.00,-10.00M,263.00M,-263.00M,,729.00M,235.00M,263.00M,-263.00M,2.00M,-263.00M,-26.00M,-17.00M,-9.00M,,-5.00M,,-14.00M,-8.00M,237.00M,,2015-06,-0.06,,,2015-06,-0.06,,-0.0420,2015-06,333.00M,333.00M,2015-06,AOR,Restated
2015-03,3.829B,3.829B,3.063B,766.00M,265.00M,34.00M,0.00,4.00M,301.00M,-301.00M,,694.00M,72.00M,301.00M,-301.00M,20.00M,-301.00M,-209.00M,-73.00M,-136.00M,,16.00M,5.00M,-120.00M,-122.60M,92.00M,,2015-03,-0.37,,,2015-03,-0.37,,-0.3778,2015-03,336.00M,336.00M,2015-03,AOR,Restated
2014-12,4.192B,4.192B,2.965B,1.227B,279.00M,26.00M,,-25.00M,310.00M,-310.00M,,732.00M,495.00M,310.00M,-310.00M,-17.00M,-310.00M,168.00M,71.00M,97.00M,,22.00M,49.00M,119.00M,135.25M,478.00M,,2014-12,0.21,,,2014-12,0.21,,0.2575,2014-12,337.00M,342.00M,2014-12,AOR,Restated
2014-09,4.569B,4.569B,3.278B,1.291B,258.00M,22.00M,,-100.00M,280.00M,-280.00M,,655.00M,636.00M,280.00M,-280.00M,-85.00M,-280.00M,271.00M,89.00M,182.00M,,-14.00M,2.00M,168.00M,235.20M,551.00M,,2014-09,0.49,,,2014-09,0.48,,0.6759,2014-09,338.00M,343.00M,2014-09,AOR,Restated
2014-06,3.621B,3.621B,2.828B,793.00M,257.00M,21.00M,,-80.00M,274.00M,-274.00M,,664.00M,129.00M,274.00M,-274.00M,-61.00M,-274.00M,-206.00M,-126.00M,-80.00M,,-17.00M,3.00M,-97.00M,-45.00M,68.00M,,2014-06,-0.30,,,2014-06,-0.30,,-0.1457,2014-06,337.00M,337.00M,2014-06,AOR,Restated
2014-03,3.486B,3.486B,2.737B,749.00M,222.00M,19.00M,,-34.00M,255.00M,-255.00M,,576.00M,173.00M,255.00M,-255.00M,-16.00M,-255.00M,-98.00M,-31.00M,-67.00M,,11.00M,2.00M,-56.00M,-32.74M,157.00M,,2014-03,-0.18,,,2014-03,-0.18,,-0.1082,2014-03,324.00M,324.00M,2014-03,AOR,Restated
2013-12,2.795B,2.795B,1.953B,842.00M,225.00M,21.00M,,-591.00M,218.00M,-218.00M,,555.00M,287.00M,218.00M,-218.00M,-586.00M,-218.00M,-517.00M,-227.00M,-290.00M,,-7.00M,2.00M,-297.00M,87.15M,-299.00M,,2013-12,-0.92,,,2013-12,-0.92,,0.2693,2013-12,323.00M,323.00M,2013-12,AOR,Restated
2013-09,3.49B,3.49B,2.373B,1.117B,213.00M,24.00M,,-27.00M,228.00M,-228.00M,,564.00M,553.00M,228.00M,-228.00M,-27.00M,-228.00M,298.00M,160.00M,138.00M,,-19.00M,2.00M,119.00M,136.55M,526.00M,,2013-09,0.36,,,2013-09,0.36,,0.4137,2013-09,323.00M,327.00M,2013-09,AOR,Restated
2013-06,2.929B,2.929B,2.051B,878.00M,230.00M,21.00M,,-48.00M,206.00M,-206.00M,,564.00M,314.00M,206.00M,-206.00M,-40.00M,-206.00M,68.00M,-63.00M,131.00M,,-7.00M,3.00M,124.00M,155.20M,274.00M,,2013-06,0.37,,,2013-06,0.37,,0.4654,2013-06,323.00M,327.00M,2013-06,AOR,Restated
2013-03,2.081B,2.081B,1.753B,328.00M,227.00M,18.00M,,-70.00M,196.00M,-196.00M,,552.00M,-224.00M,196.00M,-196.00M,-63.00M,-196.00M,-483.00M,-152.00M,-331.00M,,-1.00M,2.00M,-332.00M,-284.05M,-287.00M,,2013-03,-1.03,,,2013-03,-1.03,,-0.8815,2013-03,323.00M,323.00M,2013-03,AOR,Restated
2012-12,2.063B,2.063B,1.48B,583.00M,194.00M,16.00M,,195.00M,166.00M,-166.00M,,457.00M,126.00M,166.00M,-166.00M,213.00M,-166.00M,173.00M,-81.00M,254.00M,,-2.00M,2.00M,252.00M,125.25M,339.00M,,2012-12,1.07,,,2012-12,1.06,,0.5448,2012-12,244.00M,246.00M,2012-12,AOR,Restated
2012-09,2.331B,2.331B,1.74B,591.00M,224.00M,24.00M,,-59.00M,163.00M,-163.00M,,487.00M,104.00M,163.00M,-163.00M,-46.00M,-163.00M,-105.00M,-113.00M,8.00M,,-9.00M,2.00M,-1.00M,37.35M,58.00M,,2012-09,-0.01,,,2012-09,-0.01,,0.1582,2012-09,228.00M,228.00M,2012-09,AOR,Restated
2012-06,2.166B,2.166B,1.337B,829.00M,183.00M,15.00M,,0.00,167.00M,-167.00M,,432.00M,397.00M,167.00M,-167.00M,16.00M,-167.00M,246.00M,-13.00M,259.00M,,-8.00M,3.00M,251.00M,251.00M,413.00M,,2012-06,1.09,,,2012-06,1.08,,1.08,2012-06,228.00M,229.00M,2012-06,AOR,Restated
2012-03,1.862B,1.862B,1.583B,279.00M,206.00M,13.00M,,0.00,165.00M,-165.00M,,449.00M,-170.00M,165.00M,-165.00M,9.00M,-165.00M,-326.00M,-120.00M,-206.00M,,-1.00M,2.00M,-207.00M,-207.00M,-161.00M,,2012-03,-0.92,,,2012-03,-0.92,,-0.92,2012-03,228.00M,228.00M,2012-03,AOR,Restated
2011-12,2.132B,2.132B,1.76B,372.00M,107.00M,25.00M,,-13.00M,161.00M,-161.00M,,363.00M,9.00M,161.00M,-161.00M,15.00M,-161.00M,-137.00M,-28.00M,-109.00M,,0.00,2.00M,-109.00M,-98.66M,24.00M,,2011-12,-0.45,,,2011-12,-0.45,,-0.4052,2011-12,231.00M,231.00M,2011-12,AOR,Restated
2011-09,2.674B,2.674B,2.053B,621.00M,169.00M,11.00M,,-190.00M,164.00M,-164.00M,,418.00M,203.00M,164.00M,-164.00M,-174.00M,-164.00M,-135.00M,-80.00M,-55.00M,,0.00,2.00M,-55.00M,68.50M,29.00M,,2011-09,-0.24,0.00,,2011-09,-0.24,0.00,0.2746,2011-09,240.00M,240.00M,2011-09,AOR,Restated
2011-06,2.278B,2.278B,1.608B,670.00M,167.00M,12.00M,,-123.00M,167.00M,-167.00M,,401.00M,269.00M,167.00M,-167.00M,-111.00M,-167.00M,-9.00M,-630.00M,621.00M,,0.00,3.00M,621.00M,700.95M,158.00M,,2011-06,2.54,0.00,,2011-06,2.53,0.00,2.858,2011-06,243.00M,244.00M,2011-06,AOR,Restated
2011-03,1.995B,1.995B,1.324B,671.00M,143.00M,9.00M,,-504.00M,173.00M,-173.00M,,357.00M,314.00M,173.00M,-173.00M,-506.00M,-173.00M,-365.00M,-105.00M,-260.00M,,0.00,2.00M,-260.00M,99.01M,-192.00M,,2011-03,-1.06,0.00,,2011-03,-1.06,0.00,0.3935,2011-03,247.00M,247.00M,2011-03,AOR,Restated
2010-12,1.816B,1.816B,1.27B,546.00M,157.00M,19.00M,,-11.00M,163.00M,-163.00M,,394.00M,152.00M,163.00M,-163.00M,25.00M,-163.00M,-9.00M,6.00M,-15.00M,,0.00,2.00M,-15.00M,-7.85M,154.00M,,2010-12,-0.05,,,2010-12,-0.06,,-0.0315,2010-12,246.00M,251.00M,2010-12,AOR,Restated
2010-09,2.685B,2.685B,1.835B,850.00M,172.00M,14.00M,,10.00M,168.00M,-168.00M,,396.00M,454.00M,168.00M,-168.00M,26.00M,-168.00M,312.00M,89.00M,223.00M,,0.00,2.00M,223.00M,215.85M,480.00M,,2010-09,0.88,0.00,,2010-09,0.87,0.00,0.8417,2010-09,252.00M,253.00M,2010-09,AOR,
2010-06,2.133B,2.133B,1.329B,804.00M,139.00M,13.00M,,19.00M,147.00M,-147.00M,,360.00M,444.00M,147.00M,-147.00M,30.00M,-147.00M,327.00M,117.00M,210.00M,,1.00M,3.00M,211.00M,198.80M,474.00M,,2010-06,0.82,0.00,,2010-06,0.81,0.00,0.7623,2010-06,255.00M,256.00M,2010-06,AOR,Restated
2010-03,2.215B,2.215B,1.639B,576.00M,130.00M,9.00M,,4.00M,153.00M,-153.00M,,341.00M,235.00M,153.00M,-153.00M,18.00M,-153.00M,123.00M,65.00M,58.00M,,,2.00M,58.00M,55.40M,276.00M,,2010-03,0.22,0.00,,2010-03,0.22,0.00,0.2099,2010-03,254.00M,257.00M,2010-03,AOR,Restated
2009-12,2.141B,2.141B,1.422B,719.00M,113.00M,14.00M,,-16.00M,159.00M,-159.00M,,405.00M,314.00M,159.00M,-159.00M,-8.00M,-159.00M,147.00M,114.00M,33.00M,,0.00,6.00M,33.00M,43.40M,306.00M,,2009-12,0.12,0.00,,2009-12,0.12,0.00,0.1597,2009-12,243.00M,262.00M,2009-12,AOR,Restated
2009-09,2.916B,2.916B,1.893B,1.023B,188.00M,12.00M,,5.00M,178.00M,-178.00M,,412.00M,611.00M,178.00M,-178.00M,11.00M,-178.00M,444.00M,166.00M,278.00M,,0.00,6.00M,278.00M,274.87M,622.00M,,2009-09,1.09,0.00,,2009-09,1.02,0.00,1.008,2009-09,249.00M,272.00M,2009-09,AOR,Restated
2009-06,2.237B,2.237B,1.242B,995.00M,131.00M,9.00M,,94.00M,159.00M,-159.00M,,353.00M,642.00M,159.00M,-159.00M,99.00M,-159.00M,582.00M,150.00M,432.00M,,1.00M,7.00M,433.00M,363.23M,741.00M,,2009-06,1.68,0.00,,2009-06,1.56,0.00,1.306,2009-06,253.00M,275.00M,2009-06,AOR,Restated
2009-03,1.658B,1.658B,766.00M,892.00M,95.00M,13.00M,,-3.00M,138.00M,-138.00M,,277.00M,615.00M,138.00M,-138.00M,19.00M,-138.00M,496.00M,298.00M,198.00M,,,14.00M,198.00M,199.95M,634.00M,,2009-03,0.78,0.00,,2009-03,0.70,0.00,0.7071,2009-03,237.00M,275.00M,2009-03,AOR,Restated
2008-12,1.577B,1.577B,,,57.00M,,,-32.00M,,,,-2.538B,517.00M,,,27.00M,,442.00M,182.00M,260.00M,0.00,,14.00M,260.00M,280.80M,593.00M,,2008-12,1.06,0.00,,2008-12,0.97,0.00,1.048,2008-12,232.00M,266.00M,2008-12,AOR,Restated
2008-09,2.69B,2.69B,,,88.00M,,,51.00M,,,997.00M,1.241B,1.449B,,,51.00M,,1.314B,530.00M,784.00M,,,31.00M,784.00M,753.40M,1.449B,,2008-09,3.28,0.00,,2008-09,2.83,0.00,2.720,2008-09,235.00M,277.00M,2008-09,,
2008-06,1.316B,1.316B,1.011B,305.00M,83.00M,4.00M,,12.00M,144.00M,-144.00M,,248.00M,57.00M,144.00M,-144.00M,12.00M,-144.00M,-94.00M,-53.00M,-41.00M,168.00M,0.00,14.00M,127.00M,-48.80M,50.00M,,2008-06,-0.23,0.71,,2008-06,-0.23,0.71,-0.2631,2008-06,236.00M,236.00M,2008-06,,Restated
2008-03,1.302B,1.302B,804.00M,498.00M,75.00M,12.00M,,5.00M,156.00M,-156.00M,,248.00M,250.00M,156.00M,-156.00M,5.00M,-156.00M,99.00M,54.00M,45.00M,4.00M,,14.00M,49.00M,41.75M,255.00M,,2008-03,0.13,0.02,,2008-03,0.12,0.02,0.1067,2008-03,236.00M,245.00M,2008-03,,Restated
2007-12,1.345B,1.345B,,,-35.00M,,,7.00M,,,,-2.328B,295.00M,,,61.00M,,160.00M,73.00M,87.00M,,,14.00M,104.00M,82.45M,387.00M,,2007-12,0.31,0.07,,2007-12,0.29,0.06,0.2744,2007-12,237.00M,291.00M,2007-12,AOR,Restated
2007-09,1.786B,1.786B,,,128.00M,,,34.00M,,,943.00M,1.232B,554.00M,,,34.00M,,415.00M,147.00M,268.00M,,,13.00M,268.00M,246.04M,554.00M,,2007-09,1.07,0.00,,2007-09,0.93,0.00,0.8530,2007-09,239.00M,285.00M,2007-09,,
2007-06,1.536B,1.536B,,,107.00M,,,22.00M,,,875.00M,1.143B,393.00M,,,22.00M,,243.00M,100.00M,143.00M,6.00M,,14.00M,149.00M,128.70M,393.00M,,2007-06,0.54,0.02,,2007-06,0.49,0.02,0.4403,2007-06,240.00M,288.00M,2007-06,,
2007-03,1.299B,1.299B,,,85.00M,,,45.00M,,,804.00M,1.049B,250.00M,,,45.00M,,116.00M,55.00M,61.00M,4.00M,,14.00M,65.00M,31.75M,250.00M,,2007-03,0.19,0.02,,2007-03,0.19,0.01,0.0821,2007-03,244.00M,271.00M,2007-03,,
2006-12,1.106B,1.106B,,,56.00M,,,178.00M,,,,-2.231B,72.00M,,,238.00M,,-47.00M,-2.00M,-45.00M,15.00M,,13.00M,-30.00M,-215.43M,109.00M,,2006-12,-0.21,0.07,,2006-12,-0.21,0.05,-0.7877,2006-12,249.00M,295.00M,2006-12,,Restated
2006-09,1.942B,1.942B,,,79.00M,,,47.00M,,,999.00M,1.226B,716.00M,,,47.00M,,609.00M,238.00M,371.00M,51.00M,,14.00M,422.00M,342.37M,716.00M,,2006-09,1.31,0.19,,2006-09,1.16,0.16,1.070,2006-09,272.00M,317.00M,2006-09,,
2006-06,1.502B,1.502B,,,83.00M,,,16.00M,,,818.00M,1.078B,424.00M,,,16.00M,,289.00M,87.00M,202.00M,1.00M,,13.00M,203.00M,190.82M,424.00M,,2006-06,0.69,0.00,,2006-06,0.63,0.00,0.5949,2006-06,274.00M,319.00M,2006-06,,
2006-03,1.043B,1.043B,,,57.00M,,,101.00M,,,662.00M,837.00M,206.00M,,,101.00M,,14.00M,-1.00M,15.00M,11.00M,,10.00M,26.00M,-45.60M,206.00M,,2006-03,0.02,0.045,,2006-03,0.02,0.045,-0.2346,2006-03,234.00M,238.00M,2006-03,,
2005-12,677.00M,677.00M,,,40.00M,,,-62.00M,,,-1.378B,-1.301B,149.00M,,,42.00M,,90.00M,18.00M,72.00M,-8.00M,,8.00M,64.00M,121.60M,211.00M,,2005-12,0.385,-0.04,,2005-12,0.385,-0.04,0.6802,2005-12,160.00M,168.00M,2005-12,,Restated
2005-09,687.00M,687.00M,,,42.00M,,,24.00M,,,612.00M,695.00M,-8.00M,,,24.00M,,-27.00M,10.00M,-37.00M,10.00M,,4.00M,-27.00M,-51.40M,-8.00M,,2005-09,-0.255,0.06,,2005-09,-0.255,0.06,-0.3407,2005-09,168.00M,168.00M,2005-09,,
2005-06,522.00M,522.00M,,,51.00M,,,22.00M,,,375.00M,467.00M,55.00M,,,22.00M,,31.00M,8.00M,23.00M,1.00M,,4.00M,24.00M,6.677M,55.00M,,2005-06,0.11,0.005,,2005-06,0.105,0.005,0.0123,2005-06,174.00M,176.00M,2005-06,,
2005-03,597.00M,597.00M,,,53.00M,,,63.00M,,,452.00M,553.00M,44.00M,,,63.00M,,27.00M,5.00M,22.00M,1.00M,,4.00M,23.00M,-29.33M,44.00M,,2005-03,0.10,0.005,,2005-03,0.10,0.005,-0.1917,2005-03,174.00M,176.00M,2005-03,,
2004-12,333.33M,333.33M,,,48.85M,,,46.32M,,,227.18M,296.43M,36.90M,,,46.32M,,21.71M,8.864M,12.85M,5.674M,,,18.52M,-14.95M,36.90M,,2004-12,0.065,0.03,,2004-12,0.06,0.03,-0.0774,2004-12,199.60M,202.36M,2004-12,,
2004-09,604.63M,604.63M,,,59.74M,,,4.82M,,,374.61M,485.41M,119.22M,,,4.82M,,57.91M,14.56M,43.35M,10.87M,-0.018M,,54.22M,39.74M,119.22M,,2004-09,0.215,0.055,,2004-09,0.215,0.055,0.1971,2004-09,200.20M,201.23M,2004-09,,
2004-06,573.62M,573.62M,,,45.75M,,,55.36M,,,357.92M,456.83M,116.79M,,,55.36M,,105.72M,36.32M,69.40M,13.62M,-0.201M,,83.02M,33.06M,116.79M,,2004-06,0.345,0.07,,2004-06,0.345,0.07,0.1642,2004-06,200.16M,200.96M,2004-06,,
2004-03,600.26M,600.26M,,,36.39M,,,-10.16M,,,389.74M,481.14M,119.13M,,,-10.16M,,45.73M,14.28M,31.45M,-1.211M,-0.508M,,30.24M,38.44M,119.13M,,2004-03,0.155,-0.005,,2004-03,0.155,-0.005,0.1899,2004-03,200.04M,200.04M,2004-03,,
2003-12,202.81M,202.81M,,,,,,,,,,,2.043B,,,,,,,4.109B,-426.37M,,,3.683B,4.109B,2.043B,,2003-12,10.33,-1.072,,2003-12,10.33,-1.072,10.33,2003-12,200.00M,200.00M,2003-12,AOR,Restated
2003-09,570.70M,570.70M,384.39M,186.32M,34.42M,,,55.93M,,,396.00M,486.93M,-300.62M,,,55.93M,,-279.11M,5.437M,-284.54M,-0.25M,,,-284.79M,-318.10M,-300.62M,,2003-09,-0.7152,-0.0006,,2003-09,-0.7152,-0.0006,-0.7152,2003-09,,,2003-09,AOR,Restated
2003-06,441.60M,441.60M,381.84M,59.75M,39.15M,,,-237.06M,,,,102.92M,-43.16M,,,-237.06M,,-504.74M,4.305M,-509.05M,-99.35M,0.00,,-608.40M,-366.81M,-43.16M,,2003-06,-1.280,-0.2497,,2003-06,-1.280,-0.2497,-1.280,2003-06,,,2003-06,AOR,Restated
2003-03,519.58M,519.58M,388.10M,131.48M,48.98M,,,16.34M,,,,113.05M,18.43M,,,16.34M,,-141.30M,32.88M,-174.18M,161.55M,0.184M,,-12.63M,-183.99M,18.43M,,2003-03,-0.4378,0.4061,,2003-03,-0.4378,0.4061,-0.4378,2003-03,,,2003-03,AOR,Restated
2002-12,-240.04M,-240.04M,,,,,,,,,,,4.522B,,,,,,,313.95M,-784.82M,,,-470.87M,313.95M,4.522B,,2002-12,0.7892,-1.973,,2002-12,0.7892,-1.973,0.7892,2002-12,397.21M,397.21M,2002-12,AOR,Restated
2002-09,755.37M,755.37M,508.99M,246.38M,66.80M,,,34.68M,,,3.026B,3.168B,-2.921B,,,34.68M,,-3.025B,-106.52M,-2.919B,-6.755M,26.40M,,-2.925B,-2.952B,-2.921B,,2002-09,-7.336,-0.0170,,2002-09,-7.336,-0.0170,-7.420,2002-09,397.21M,397.21M,2002-09,AOR,
2002-06,719.19M,719.19M,485.14M,234.05M,,,,6.915M,,,102.83M,181.27M,52.78M,,,6.915M,,-54.19M,-26.35M,-27.84M,-13.51M,-2.023M,,-41.35M,-31.99M,52.78M,,2002-06,-0.0700,-0.0340,,2002-06,-0.0700,-0.0340,-0.0804,2002-06,397.21M,397.21M,2002-06,AOR,
2002-03,658.83M,658.83M,474.09M,184.74M,,,,-0.813M,,,68.11M,134.72M,50.02M,,,-0.813M,,-54.76M,-28.30M,-24.54M,,-1.921M,,-26.46M,-25.98M,50.02M,,2002-03,-0.065,0.00,,2002-03,-0.065,0.00,-0.0638,2002-03,397.21M,397.21M,2002-03,AOR,
2001-12,-52.73M,-52.73M,,,,,,,,,,,1.687B,,,,,,,-22.91M,,,,39.13M,-15.87M,1.687B,,2001-12,-0.0561,0.1385,,2001-12,-0.0561,0.1385,-0.0561,2001-12,387.42M,390.90M,2001-12,AOR,Restated
2001-09,852.17M,852.17M,525.29M,326.88M,,,,23.17M,,,69.94M,128.64M,198.24M,,,23.17M,,198.91M,57.33M,144.96M,,-3.38M,,141.58M,125.09M,198.24M,,2001-09,0.355,0.00,,2001-09,0.355,0.00,0.3137,2001-09,397.07M,398.87M,2001-09,AOR,
2001-06,661.30M,661.30M,479.28M,182.02M,,,,11.86M,,,44.66M,90.26M,91.76M,,,11.86M,,56.86M,7.746M,51.71M,,-2.599M,,49.11M,38.87M,91.76M,,2001-06,0.125,0.00,,2001-06,0.125,0.00,0.0994,2001-06,397.03M,400.55M,2001-06,AOR,
2001-03,624.26M,624.26M,423.86M,200.40M,,,,2.082M,,,54.19M,92.28M,108.12M,,,2.082M,,40.06M,4.877M,37.24M,,-2.059M,,35.18M,33.35M,108.12M,,2001-03,0.095,0.00,,2001-03,0.095,0.00,0.0901,2001-03,367.85M,371.76M,2001-03,AOR,Restated
2000-12,470.48M,470.48M,219.86M,250.61M,,,,3.047M,,,,81.05M,169.56M,,,3.047M,,14.23M,4.232M,2.84M,,6.318M,,42.00M,7.857M,169.56M,,2000-12,-0.0548,0.0806,,2000-12,-0.0548,0.0806,-0.0614,2000-12,322.23M,324.48M,2000-12,AOR,Restated
2000-09,533.16M,533.16M,319.44M,213.72M,,,,0.346M,,,41.73M,78.15M,135.57M,,,0.346M,,143.23M,54.62M,91.68M,,-3.077M,,88.60M,88.39M,135.57M,,2000-09,0.245,0.00,,2000-09,0.245,0.00,0.2444,2000-09,360.00M,365.37M,2000-09,AOR,Restated
2000-06,473.84M,473.84M,305.91M,167.93M,,,,0.034M,,,31.11M,61.97M,105.96M,,,0.034M,,70.02M,26.44M,45.86M,,-2.283M,,43.58M,43.56M,105.96M,,2000-06,0.14,0.00,,2000-06,0.14,0.00,0.1399,2000-06,311.06M,312.38M,2000-06,AOR,Restated
2000-03,332.67M,332.67M,214.92M,117.75M,,,,1.531M,,,25.18M,45.17M,72.58M,,,1.531M,,10.35M,1.607M,10.54M,,-1.798M,,8.746M,7.453M,72.58M,,2000-03,0.03,0.00,,2000-03,0.03,0.00,0.0256,2000-03,295.21M,295.21M,2000-03,AOR,Restated
1999-12,216.44M,216.44M,121.69M,94.75M,,,,11.92M,,,,43.99M,50.76M,,,11.92M,,26.00M,-2.192M,26.65M,,3.993M,,28.19M,21.03M,50.76M,,1999-12,0.0955,,,1999-12,0.0955,,0.0712,1999-12,295.21M,295.21M,1999-12,AOR,Restated
1999-09,170.41M,170.41M,79.15M,91.26M,,,,2.196M,,,20.65M,33.31M,57.95M,,,2.196M,,29.00M,1.395M,27.99M,,-0.382M,,27.61M,25.52M,57.95M,,1999-09,0.095,0.00,,1999-09,0.095,0.00,0.0879,1999-09,295.21M,295.21M,1999-09,AOR,
1999-06,66.66M,66.66M,41.12M,25.54M,,,,2.574M,,,16.29M,22.58M,2.956M,,,2.574M,,-10.95M,-13.29M,3.032M,,-0.691M,,2.341M,0.7966M,2.956M,,1999-06,0.01,0.00,,1999-06,0.01,0.00,0.0048,1999-06,295.21M,295.21M,1999-06,AOR,
