,OperatingRevenue,Revenue,CostofGoodsSold,GrossProfit,SG&AExpense,SpecialIncomeandCharges,OperatingInterestExpense,OperatingInterestIncome,NetOperatingInterestIncome,OtherOperatingExpenses,TotalOperatingExpenses,OperatingIncome,Non-OperatingInterestIncome,Non-OperatingInterestExpense,NetNon-OperatingInterestIncomeExpense,OtherIncomeandExpenses,NetInterestIncome,Pre-TaxIncome,ProvisionforIncomeTaxes,IncomefromContinuingOperations,IncomefromDiscontinuedOperations,IncomeAttributabletoMinorityInterest,PreferredStockDividend,NetIncome,NormalizedIncome,EBIT,,BasicEPS(Quarterly),EPSBasicfromContinuingOperations,EPSBasicfromDiscontinuedOperations,,DilutedEPS(Quarterly),EPSDilutedfromContinuingOperations,EPSDilutedfromDiscontinuedOperations,NormalizedDilutedEPS,SharesData(Quarterly),AverageBasicSharesOutstanding,AverageDilutedSharesOutstanding,SECFilingLinks,AsOriginallyReported,Restated
2020-09,5.954B,5.954B,3.979B,1.975B,1.453B,0.00,58.00M,2.00M,-64.00M,,1.453B,522.00M,2.00M,58.00M,-64.00M,63.00M,-64.00M,521.00M,31.00M,490.00M,0.00,-49.00M,,441.00M,439.12M,579.00M,,2020-09,0.5998,0.00,,2020-09,0.5998,0.00,0.5973,2020-09,735.10M,737.70M,2020-09,AOR,
2020-06,5.343B,5.343B,3.511B,1.832B,1.334B,-610.00M,58.00M,3.00M,-63.00M,,1.334B,498.00M,3.00M,58.00M,-63.00M,-558.00M,-63.00M,-123.00M,-1.00M,-122.00M,0.00,-60.00M,,-182.00M,416.95M,-65.00M,,2020-06,-0.24,0.00,,2020-06,-0.24,0.00,0.5650,2020-06,744.00M,744.00M,2020-06,AOR,
2020-03,5.444B,5.444B,3.643B,1.801B,1.451B,-62.00M,62.00M,5.00M,-62.00M,,1.451B,350.00M,5.00M,62.00M,-62.00M,-39.00M,-62.00M,249.00M,13.00M,236.00M,0.00,-23.00M,,213.00M,269.05M,311.00M,,2020-03,0.28,0.00,,2020-03,0.28,0.00,0.3540,2020-03,754.80M,757.10M,2020-03,AOR,
2019-12,5.576B,5.576B,3.773B,1.803B,1.427B,-111.00M,62.00M,13.00M,-54.00M,,1.427B,376.00M,13.00M,62.00M,-54.00M,-66.00M,-54.00M,256.00M,65.00M,191.00M,0.00,-32.00M,,159.00M,240.75M,318.00M,,2019-12,0.21,0.00,,2019-12,0.21,0.00,0.3156,2019-12,769.90M,774.00M,2019-12,AOR,
2019-09,6.274B,6.274B,4.294B,1.98B,1.96B,0.00,66.00M,20.00M,-54.00M,,1.96B,20.00M,20.00M,66.00M,-54.00M,61.00M,-54.00M,27.00M,-627.00M,654.00M,0.00,-42.00M,,612.00M,607.62M,93.00M,,2019-09,0.7870,0.00,,2019-09,0.77,0.00,0.7645,2019-09,785.60M,790.60M,2019-09,AOR,Restated
2019-06,6.451B,6.451B,4.307B,2.144B,1.388B,-295.00M,81.00M,28.00M,-60.00M,,1.388B,756.00M,28.00M,81.00M,-60.00M,-232.00M,-60.00M,464.00M,239.00M,225.00M,4.051B,-84.00M,,4.192B,355.62M,545.00M,,2019-06,0.16,4.65,,2019-06,0.16,4.63,0.4052,2019-06,870.90M,875.20M,2019-06,AOR,Restated
2019-03,5.779B,5.779B,3.935B,1.844B,1.458B,0.00,97.00M,6.00M,-98.00M,,1.458B,386.00M,6.00M,97.00M,-98.00M,33.00M,-98.00M,321.00M,47.00M,274.00M,284.00M,-43.00M,,515.00M,231.00M,418.00M,,2019-03,0.27,0.30,,2019-03,0.26,0.30,0.26,2019-03,902.50M,905.90M,2019-03,AOR,Restated
2018-12,5.464B,5.464B,3.739B,1.725B,1.438B,0.00,91.00M,7.00M,-90.00M,,1.438B,287.00M,7.00M,91.00M,-90.00M,47.00M,-90.00M,244.00M,108.00M,136.00M,263.00M,-44.00M,,355.00M,88.35M,335.00M,,2018-12,0.12,0.27,,2018-12,0.12,0.27,0.1161,2018-12,921.60M,925.20M,2018-12,AOR,Restated
2018-09,6.183B,6.183B,4.126B,2.057B,1.392B,-101.00M,102.00M,0.00,-109.00M,,1.392B,665.00M,0.00,102.00M,-109.00M,-41.00M,-109.00M,515.00M,-117.00M,632.00M,193.00M,-54.00M,,771.00M,642.97M,617.00M,,2018-09,0.8337,0.00,,2018-09,0.83,0.00,0.8998,2018-09,924.80M,930.50M,2018-09,AOR,Restated
2018-06,6.282B,6.282B,4.194B,2.088B,1.441B,0.00,106.00M,5.00M,-109.00M,,1.441B,647.00M,5.00M,106.00M,-109.00M,69.00M,-109.00M,607.00M,61.00M,546.00M,258.00M,-81.00M,,723.00M,452.40M,713.00M,,2018-06,0.51,0.27,,2018-06,0.51,0.27,0.4965,2018-06,925.60M,930.70M,2018-06,AOR,Restated
2018-03,5.63B,5.63B,3.806B,1.824B,1.49B,0.00,99.00M,1.00M,-106.00M,,1.49B,334.00M,1.00M,99.00M,-106.00M,26.00M,-106.00M,254.00M,36.00M,218.00M,265.00M,-45.00M,,438.00M,173.86M,353.00M,,2018-03,0.20,0.27,,2018-03,0.20,0.27,0.2009,2018-03,926.20M,932.50M,2018-03,AOR,Restated
2017-12,5.305B,5.305B,3.607B,1.698B,1.319B,-154.00M,102.00M,7.00M,-102.00M,,1.319B,379.00M,7.00M,102.00M,-102.00M,-107.00M,-102.00M,170.00M,217.00M,-47.00M,318.00M,-41.00M,,230.00M,46.75M,272.00M,,2017-12,-0.08,0.33,,2017-12,-0.08,0.33,0.0655,2017-12,926.10M,926.10M,2017-12,AOR,Restated
2017-09,799.00M,799.00M,95.00M,704.00M,818.00M,-121.00M,103.00M,-5.00M,-102.00M,,818.00M,-114.00M,-5.00M,103.00M,-102.00M,-129.00M,-102.00M,-345.00M,-248.00M,-97.00M,1.024B,-52.00M,,875.00M,-83.60M,-242.00M,,2017-09,0.9415,0.00,,2017-09,0.93,0.00,0.9997,2017-09,929.60M,938.00M,2017-09,AOR,Restated
2017-06,7.683B,7.683B,5.252B,2.431B,1.609B,-49.00M,115.00M,4.00M,-125.00M,,1.609B,822.00M,4.00M,115.00M,-125.00M,21.00M,-125.00M,718.00M,89.00M,629.00M,,-74.00M,,555.00M,597.00M,833.00M,,2017-06,0.59,0.00,,2017-06,0.59,0.00,0.6345,2017-06,935.40M,944.40M,2017-06,AOR,Restated
2017-03,7.267B,7.267B,4.986B,2.281B,1.726B,-99.00M,118.00M,5.00M,-124.00M,,1.726B,555.00M,5.00M,118.00M,-124.00M,-38.00M,-124.00M,393.00M,508.00M,-115.00M,0.00,-33.00M,,-148.00M,-93.40M,511.00M,,2017-03,-0.16,0.00,,2017-03,-0.16,0.00,-0.1019,2017-03,939.20M,939.20M,2017-03,AOR,Restated
2016-12,7.086B,7.086B,4.972B,2.114B,1.57B,-78.00M,110.00M,7.00M,-133.00M,,1.57B,544.00M,7.00M,110.00M,-133.00M,-26.00M,-133.00M,385.00M,-27.00M,412.00M,-34.00M,-49.00M,,329.00M,438.33M,495.00M,,2016-12,0.40,-0.05,,2016-12,0.39,-0.05,0.4695,2016-12,937.20M,947.40M,2016-12,AOR,Restated
2016-09,6.254B,6.254B,4.566B,1.688B,1.549B,-201.00M,90.00M,4.00M,-97.00M,,1.549B,139.00M,4.00M,90.00M,-97.00M,-144.00M,-97.00M,-102.00M,-5.00M,-97.00M,-1.035B,-39.00M,,-1.171B,45.64M,-12.00M,,2016-09,-1.608,-1.56,,2016-09,-1.61,-1.56,-1.363,2016-09,728.60M,735.90M,2016-09,AOR,Restated
2016-06,5.154B,5.154B,3.732B,1.422B,895.00M,-27.00M,66.00M,4.00M,-69.00M,,895.00M,527.00M,4.00M,66.00M,-69.00M,22.00M,-69.00M,480.00M,78.00M,402.00M,57.00M,-76.00M,,383.00M,345.32M,546.00M,,2016-06,0.54,0.06,,2016-06,0.53,0.06,0.5597,2016-06,644.90M,649.70M,2016-06,AOR,Restated
2016-03,4.733B,4.733B,3.446B,1.287B,899.00M,-60.00M,65.00M,2.00M,-68.00M,,899.00M,388.00M,2.00M,65.00M,-68.00M,-23.00M,-68.00M,297.00M,41.00M,256.00M,-725.00M,-61.00M,,-530.00M,249.18M,362.00M,,2016-03,0.34,-1.15,,2016-03,0.33,-1.15,0.4131,2016-03,648.20M,652.10M,2016-03,AOR,Restated
2015-12,4.696B,4.696B,3.439B,1.257B,847.00M,0.00,72.00M,2.00M,-77.00M,,847.00M,410.00M,2.00M,72.00M,-77.00M,53.00M,-77.00M,386.00M,83.00M,303.00M,187.00M,-40.00M,,450.00M,254.42M,458.00M,,2015-12,0.43,0.26,,2015-12,0.43,0.26,0.4169,2015-12,647.70M,652.80M,2015-12,AOR,Restated
2015-09,-11.33B,-11.33B,-10.97B,-357.00M,236.00M,-215.00M,60.00M,0.00,-63.00M,,236.00M,-593.00M,0.00,60.00M,-63.00M,-406.00M,-63.00M,-1.062B,-394.00M,-668.00M,1.037B,-20.00M,,349.00M,-555.28M,-1.002B,,2015-09,0.0048,0.5572,,2015-09,0.0048,0.5550,0.1830,2015-09,738.78M,744.79M,2015-09,AOR,Restated
2015-06,9.608B,9.608B,7.902B,1.706B,975.00M,0.00,72.00M,3.00M,-75.00M,,975.00M,731.00M,3.00M,72.00M,-75.00M,91.00M,-75.00M,747.00M,215.00M,532.00M,-325.00M,-29.00M,,178.00M,503.00M,819.00M,,2015-06,0.8063,-0.5236,,2015-06,0.7958,-0.5236,0.7958,2015-06,625.43M,631.64M,2015-06,AOR,Restated
2015-03,9.198B,9.198B,7.625B,1.573B,975.00M,0.00,72.00M,1.00M,-77.00M,,975.00M,598.00M,1.00M,72.00M,-77.00M,90.00M,-77.00M,611.00M,132.00M,479.00M,78.00M,-28.00M,,529.00M,444.76M,683.00M,,2015-03,0.7225,0.1257,,2015-03,0.7120,0.1257,0.7022,2015-03,624.95M,631.45M,2015-03,AOR,Restated
2014-12,9.624B,9.624B,8.015B,1.609B,1.005B,,71.00M,3.00M,-74.00M,,1.005B,604.00M,3.00M,71.00M,-74.00M,105.00M,-74.00M,635.00M,118.00M,517.00M,29.00M,-39.00M,,507.00M,475.57M,706.00M,,2014-12,0.7644,0.0419,,2014-12,0.7539,0.0419,0.7501,2014-12,631.64M,637.94M,2014-12,AOR,Restated
2014-09,9.952B,9.952B,8.205B,1.747B,1.315B,-76.00M,78.00M,2.00M,-80.00M,,1.315B,432.00M,2.00M,78.00M,-80.00M,60.00M,-80.00M,412.00M,49.00M,363.00M,-17.00M,-37.00M,,309.00M,380.63M,490.00M,,2014-09,0.4895,-0.0031,,2014-09,0.4817,-0.0031,0.5532,2014-09,755.21M,764.18M,2014-09,AOR,Restated
2014-06,9.833B,9.833B,8.253B,1.58B,943.00M,-257.00M,63.00M,3.00M,-65.00M,,943.00M,637.00M,3.00M,63.00M,-65.00M,-171.00M,-65.00M,401.00M,154.00M,247.00M,-48.00M,-23.00M,,176.00M,384.58M,464.00M,,2014-06,0.3665,-0.0838,,2014-06,0.3560,-0.0838,0.6061,2014-06,634.50M,642.05M,2014-06,AOR,Restated
2014-03,9.467B,9.467B,7.995B,1.472B,952.00M,,56.00M,2.00M,-59.00M,,952.00M,520.00M,2.00M,56.00M,-59.00M,76.00M,-59.00M,537.00M,101.00M,436.00M,-143.00M,-32.00M,,261.00M,401.57M,593.00M,,2014-03,0.6492,-0.2304,,2014-03,0.6387,-0.2304,0.6350,2014-03,633.93M,641.57M,2014-03,AOR,Restated
2013-12,10.57B,10.57B,8.998B,1.576B,1.038B,,57.00M,3.00M,-58.00M,,1.038B,538.00M,3.00M,57.00M,-58.00M,115.00M,-58.00M,595.00M,111.00M,484.00M,18.00M,-33.00M,,469.00M,448.57M,652.00M,,2013-12,0.7016,0.0314,,2013-12,0.6911,0.0314,0.6874,2013-12,643.77M,651.50M,2013-12,AOR,Restated
2013-09,6.435B,6.435B,4.729B,1.706B,603.00M,-705.00M,60.00M,7.00M,-59.00M,,603.00M,1.103B,7.00M,60.00M,-59.00M,-606.00M,-59.00M,438.00M,447.00M,-9.00M,153.00M,-39.00M,,105.00M,407.00M,498.00M,,2013-09,0.1608,0.2094,,2013-09,0.1571,0.2094,0.8469,2013-09,652.93M,659.62M,2013-09,AOR,Restated
2013-06,10.50B,10.50B,8.935B,1.564B,977.00M,-114.00M,67.00M,5.00M,-67.00M,,977.00M,587.00M,5.00M,67.00M,-67.00M,-40.00M,-67.00M,480.00M,-72.00M,552.00M,20.00M,-22.00M,,550.00M,626.90M,547.00M,,2013-06,0.8063,0.0314,,2013-06,0.8063,0.0314,0.9533,2013-06,653.12M,659.05M,2013-06,AOR,Restated
2013-03,10.10B,10.10B,8.662B,1.44B,1.044B,-84.00M,69.00M,3.00M,-71.00M,,1.044B,396.00M,3.00M,69.00M,-71.00M,68.00M,-71.00M,393.00M,214.00M,179.00M,14.00M,-29.00M,,164.00M,201.35M,462.00M,,2013-03,0.2304,0.0209,,2013-03,0.2304,0.0209,0.3084,2013-03,653.22M,658.38M,2013-03,AOR,Restated
2012-12,10.42B,10.42B,8.906B,1.516B,1.052B,,60.00M,4.00M,-61.00M,,1.052B,464.00M,4.00M,60.00M,-61.00M,85.00M,-61.00M,488.00M,99.00M,389.00M,,-30.00M,,359.00M,359.00M,548.00M,,2012-12,0.5550,,,2012-12,0.5445,,0.5445,2012-12,652.36M,655.80M,2012-12,AOR,Restated
2012-09,9.041B,9.041B,7.834B,1.207B,1.253B,-195.00M,66.00M,8.00M,-63.00M,,1.253B,-46.00M,8.00M,66.00M,-63.00M,-123.00M,-63.00M,-232.00M,-125.00M,-107.00M,,-28.00M,,-50.00M,-10.20M,-166.00M,,2012-09,-0.0123,,,2012-09,-0.0123,,0.1781,2012-09,651.98M,655.61M,2012-09,AOR,Restated
2012-06,10.58B,10.58B,9.04B,1.541B,973.00M,-52.00M,60.00M,2.00M,-60.00M,,973.00M,568.00M,2.00M,60.00M,-60.00M,19.00M,-60.00M,527.00M,71.00M,456.00M,,-25.00M,,431.00M,475.37M,587.00M,,2012-06,0.6597,,,2012-06,0.6597,,0.7271,2012-06,652.65M,657.80M,2012-06,AOR,Restated
2012-03,10.56B,10.56B,9.012B,1.553B,1.05B,0.00,63.00M,,-63.00M,,1.05B,503.00M,,63.00M,-63.00M,79.00M,-63.00M,519.00M,102.00M,417.00M,,-38.00M,,379.00M,379.00M,582.00M,,2012-03,0.5864,,,2012-03,0.5759,,0.5759,2012-03,649.40M,658.85M,2012-03,AOR,Restated
2011-12,10.42B,10.42B,8.881B,1.536B,1.035B,,49.00M,,-49.00M,,1.035B,501.00M,,49.00M,-49.00M,120.00M,-49.00M,572.00M,113.00M,459.00M,,-35.00M,,424.00M,424.00M,621.00M,,2011-12,0.6492,,,2011-12,0.6492,,0.6492,2011-12,649.21M,658.09M,2011-12,AOR,Restated
2011-09,10.79B,10.79B,9.167B,1.621B,1.338B,0.00,62.00M,,-81.00M,,1.338B,283.00M,,62.00M,-81.00M,146.00M,-81.00M,348.00M,-16.00M,364.00M,,-35.00M,,329.00M,329.00M,410.00M,,2011-09,0.5131,,,2011-09,0.5026,,0.5026,2011-09,648.92M,658.57M,2011-09,AOR,Restated
2011-06,10.36B,10.36B,8.814B,1.55B,1.094B,0.00,43.00M,,-43.00M,,1.094B,456.00M,,43.00M,-43.00M,56.00M,-43.00M,469.00M,89.00M,380.00M,,-23.00M,,357.00M,357.00M,512.00M,,2011-06,0.5550,0.00,,2011-06,0.5445,0.00,0.5445,2011-06,648.06M,660.10M,2011-06,AOR,Restated
2011-03,10.14B,10.14B,8.67B,1.474B,1.014B,,46.00M,,-46.00M,,1.014B,460.00M,,46.00M,-46.00M,61.00M,-46.00M,475.00M,90.00M,385.00M,,-31.00M,,354.00M,354.00M,521.00M,,2011-03,0.5445,0.00,,2011-03,0.5340,0.00,0.5340,2011-03,646.82M,659.90M,2011-03,AOR,Restated
2010-12,9.537B,9.537B,8.123B,1.414B,947.00M,,35.00M,,-35.00M,,947.00M,467.00M,,35.00M,-35.00M,66.00M,-35.00M,498.00M,95.00M,403.00M,,-28.00M,,375.00M,375.00M,533.00M,,2010-12,0.5864,0.00,,2010-12,0.5759,0.00,0.5759,2010-12,645.01M,656.85M,2010-12,AOR,Restated
2010-09,9.04B,9.04B,7.617B,1.423B,1.171B,,53.00M,,-53.00M,,1.171B,252.00M,,53.00M,-53.00M,98.00M,-53.00M,297.00M,4.00M,293.00M,,-28.00M,,265.00M,265.00M,350.00M,,2010-09,0.4084,,,2010-09,0.4084,,0.4084,2010-09,642.91M,652.36M,2010-09,AOR,Restated
2010-06,8.54B,8.54B,7.201B,1.339B,895.00M,,39.00M,,-39.00M,,895.00M,444.00M,,39.00M,-39.00M,52.00M,-39.00M,457.00M,31.00M,426.00M,,-8.00M,,418.00M,418.00M,496.00M,,2010-06,0.6492,0.00,,2010-06,0.6387,0.00,0.6387,2010-06,642.43M,652.74M,2010-06,AOR,
2010-03,8.317B,8.317B,7.094B,1.223B,847.00M,,43.00M,,-43.00M,,847.00M,376.00M,,43.00M,-43.00M,51.00M,-43.00M,384.00M,87.00M,297.00M,,-23.00M,,274.00M,274.00M,427.00M,,2010-03,0.4293,0.00,,2010-03,0.4188,0.00,0.4188,2010-03,641.47M,651.88M,2010-03,AOR,Restated
2009-12,8.408B,8.408B,7.172B,1.236B,883.00M,,35.00M,,-35.00M,,883.00M,353.00M,,35.00M,-35.00M,53.00M,-35.00M,371.00M,5.00M,366.00M,,-16.00M,,350.00M,350.00M,406.00M,,2009-12,0.5445,0.00,,2009-12,0.5445,0.00,0.5445,2009-12,640.42M,650.36M,2009-12,AOR,Restated
2009-09,7.867B,7.867B,6.724B,1.143B,761.00M,-111.00M,72.00M,,-72.00M,,761.00M,382.00M,,72.00M,-72.00M,-84.00M,-72.00M,226.00M,-77.00M,303.00M,,-3.00M,,300.00M,372.15M,298.00M,,2009-09,0.5236,0.00,,2009-09,0.5236,0.00,0.6496,2009-09,572.52M,572.52M,2009-09,AOR,Restated
2009-06,6.979B,6.979B,5.94B,1.039B,787.00M,0.00,65.00M,,-65.00M,,787.00M,252.00M,,65.00M,-65.00M,30.00M,-65.00M,217.00M,50.00M,167.00M,,-4.00M,,163.00M,163.00M,282.00M,,2009-06,0.2827,0.00,,2009-06,0.2723,0.00,0.2723,2009-06,567.94M,645.77M,2009-06,AOR,Restated
2009-03,6.315B,6.315B,5.633B,682.00M,803.00M,-230.00M,46.00M,,-46.00M,,803.00M,-121.00M,,46.00M,-46.00M,-228.00M,-46.00M,-395.00M,-183.00M,-212.00M,,19.00M,,-193.00M,-43.50M,-349.00M,,2009-03,-0.3456,0.00,,2009-03,-0.3456,0.00,-0.0818,2009-03,566.89M,566.89M,2009-03,AOR,Restated
2008-12,7.336B,7.336B,6.651B,685.00M,859.00M,,56.00M,,-56.00M,,859.00M,-174.00M,,56.00M,-56.00M,-136.00M,-56.00M,-366.00M,242.00M,-608.00M,,0.00,,-608.00M,-608.00M,-310.00M,,2008-12,-1.068,0.00,,2008-12,-1.068,0.00,-1.068,2008-12,566.79M,566.79M,2008-12,,Restated
2008-09,9.307B,9.307B,7.883B,1.424B,850.00M,-495.00M,54.00M,,-54.00M,,850.00M,574.00M,,54.00M,-54.00M,-464.00M,-54.00M,56.00M,55.00M,1.00M,,15.00M,,16.00M,337.75M,110.00M,,2008-09,0.0314,0.00,,2008-09,0.0314,0.00,0.5925,2008-09,566.70M,573.48M,2008-09,AOR,Restated
2008-06,9.865B,9.865B,8.38B,1.485B,877.00M,0.00,69.00M,,-69.00M,,877.00M,608.00M,,69.00M,-69.00M,37.00M,-69.00M,576.00M,121.00M,455.00M,,-16.00M,,439.00M,439.00M,645.00M,,2008-06,0.7749,0.00,,2008-06,0.7644,0.00,0.7644,2008-06,566.22M,573.86M,2008-06,,Restated
2008-03,9.406B,9.406B,8.096B,1.31B,888.00M,0.00,66.00M,,-66.00M,,888.00M,422.00M,,66.00M,-66.00M,31.00M,-66.00M,387.00M,81.00M,306.00M,,-17.00M,,289.00M,289.00M,453.00M,,2008-03,0.5131,0.00,,2008-03,0.5026,0.00,0.5026,2008-03,566.12M,573.67M,2008-03,,Restated
2007-12,9.484B,9.484B,8.177B,1.307B,950.00M,,,,,,950.00M,357.00M,,,,17.00M,,305.00M,64.00M,235.00M,,-6.00M,,235.00M,235.00M,357.00M,,2007-12,0.4188,0.00,,2007-12,0.4084,0.00,0.4084,2007-12,561.06M,575.45M,2007-12,,
2007-09,9.011B,9.011B,7.586B,1.425B,786.00M,,,,,,786.00M,639.00M,,,,21.00M,,592.00M,124.00M,469.00M,-3.00M,1.00M,,466.00M,469.00M,728.00M,,2007-09,2.484,-0.0159,,2007-09,2.484,-0.0159,2.484,2007-09,188.83M,188.83M,2007-09,AOR,Restated
2007-06,8.911B,8.911B,7.527B,1.384B,831.00M,,,,,,831.00M,553.00M,,,,20.00M,,502.00M,106.00M,396.00M,,,,396.00M,396.00M,553.00M,,2007-06,8.419,0.00,,2007-06,8.293,0.00,8.293,2007-06,47.04M,47.75M,2007-06,,
2007-03,8.492B,8.492B,7.299B,1.193B,861.00M,,,,,,861.00M,332.00M,,,,19.00M,,282.00M,17.00M,262.00M,-34.00M,-3.00M,,228.00M,262.00M,332.00M,,2007-03,5.571,-0.7120,,2007-03,5.487,-0.7120,5.487,2007-03,46.93M,47.75M,2007-03,,
2006-12,8.21B,8.21B,7.136B,1.074B,803.00M,,,,,,803.00M,271.00M,,,,29.00M,,231.00M,53.00M,168.00M,-6.00M,-10.00M,,162.00M,168.00M,271.00M,,2006-12,0.3037,-0.0105,,2006-12,0.2932,-0.0105,0.2932,2006-12,46.91M,46.91M,2006-12,,
2006-09,8.15B,8.15B,6.904B,1.246B,732.00M,-1.00M,,,,,732.00M,514.00M,,,,39.00M,,478.00M,100.00M,368.00M,-1.00M,-10.00M,,360.00M,368.79M,429.00M,,2006-09,7.723,-0.0214,,2006-09,7.723,-0.0214,7.740,2006-09,46.74M,46.74M,2006-09,AOR,Restated
2006-06,8.39B,8.39B,7.178B,1.212B,736.00M,-197.00M,,,,,736.00M,476.00M,,,,-169.00M,,233.00M,-111.00M,336.00M,2.00M,-8.00M,,338.00M,454.20M,476.00M,,2006-06,7.204,0.0419,,2006-06,7.120,0.0419,9.625,2006-06,46.65M,47.19M,2006-06,,
2006-03,8.167B,8.167B,7.114B,1.053B,787.00M,-8.00M,,,,,787.00M,266.00M,,,,12.00M,,209.00M,36.00M,162.00M,3.00M,-11.00M,,165.00M,168.62M,266.00M,,2006-03,3.476,0.0838,,2006-03,3.476,0.0419,3.618,2006-03,46.35M,46.90M,2006-03,,
2005-12,7.528B,7.528B,6.606B,922.00M,681.00M,,,,,,681.00M,241.00M,,,,24.00M,,218.00M,38.00M,167.00M,-2.00M,-13.00M,,165.00M,167.00M,241.00M,,2005-12,3.644,-0.0419,,2005-12,3.602,-0.0419,3.602,2005-12,45.81M,46.35M,2005-12,,
2005-09,6.90B,6.90B,5.951B,949.00M,513.00M,-3.00M,,,,,513.00M,436.00M,,,,10.00M,,415.00M,110.00M,292.00M,-9.00M,-13.00M,,283.00M,294.20M,271.00M,,2005-09,6.366,-0.2094,,2005-09,6.325,-0.2094,6.372,2005-09,46.05M,46.31M,2005-09,AOR,Restated
2005-06,7.062B,7.062B,6.162B,900.00M,532.00M,-8.00M,,,,,532.00M,368.00M,,,,11.00M,,356.00M,94.00M,255.00M,,-7.00M,,255.00M,260.89M,368.00M,,2005-06,5.571,0.00,,2005-06,5.487,0.00,5.614,2005-06,45.78M,46.47M,2005-06,,
2005-03,6.899B,6.899B,6.072B,827.00M,574.00M,-222.00M,,,,,574.00M,253.00M,,,,-203.00M,,22.00M,-38.00M,54.00M,149.00M,-6.00M,,203.00M,187.20M,253.00M,,2005-03,1.173,3.267,,2005-03,1.173,3.183,4.031,2005-03,45.72M,46.60M,2005-03,,
2004-12,6.618B,6.618B,5.812B,805.40M,586.10M,-4.20M,,,,,586.10M,219.30M,,,,17.10M,,209.90M,38.90M,156.20M,12.20M,-14.80M,,168.40M,159.62M,219.30M,,2004-12,3.435,0.2513,,2004-12,3.393,0.2513,3.467,2004-12,45.69M,46.21M,2004-12,,
2004-09,5.679B,5.679B,4.928B,750.80M,450.80M,-96.60M,,,,0.00,450.80M,300.00M,,,,-52.70M,,303.20M,50.60M,254.50M,18.50M,1.90M,,273.00M,334.98M,263.20M,,2004-09,5.654,0.4188,,2004-09,5.529,0.3770,7.257,2004-09,45.22M,46.58M,2004-09,AOR,Restated
2004-06,6.476B,6.476B,5.602B,873.90M,530.80M,-20.70M,,,,,530.80M,343.10M,,,,-2.30M,,319.60M,91.00M,209.30M,13.00M,-19.30M,,222.30M,224.11M,343.10M,,2004-06,4.607,0.2932,,2004-06,4.524,0.2932,4.844,2004-06,45.36M,46.15M,2004-06,,
2004-03,6.306B,6.306B,5.489B,817.80M,575.20M,-4.20M,,,,-84.40M,490.80M,327.00M,,,,12.10M,,231.70M,65.50M,147.50M,10.20M,-18.70M,,157.70M,150.51M,327.00M,,2004-03,3.267,0.2094,,2004-03,3.225,0.2094,3.291,2004-03,45.36M,45.92M,2004-03,,
2003-12,6.293B,6.293B,5.447B,845.60M,592.10M,-24.60M,,,,,592.10M,253.50M,,,,-6.80M,,221.40M,46.70M,159.20M,5.30M,-15.50M,,164.50M,178.61M,253.50M,,2003-12,3.644,0.1257,,2003-12,3.476,0.1257,4.339,2003-12,22.51M,22.51M,2003-12,,
2003-09,6.000B,6.000B,5.127B,872.90M,512.80M,-26.30M,,,,,512.80M,360.10M,,,,-8.90M,,325.50M,100.90M,267.10M,,-4.30M,5.50M,220.30M,238.45M,369.70M,,2003-09,9.979,,,2003-09,9.979,,10.82,2003-09,21.52M,21.52M,2003-09,AOR,Restated
2003-06,5.960B,5.960B,5.124B,835.70M,519.40M,-11.70M,,,,,519.40M,316.30M,,,,2.90M,,295.80M,91.70M,190.00M,,-14.10M,,190.00M,198.07M,316.30M,,2003-06,4.398,0.00,,2003-06,4.188,0.00,4.548,2003-06,21.42M,22.46M,2003-06,,
2003-03,5.503B,5.503B,4.741B,762.20M,524.90M,-15.10M,,,,,524.90M,237.30M,,,,-0.50M,,209.50M,64.80M,132.20M,,-12.50M,,132.20M,142.63M,237.30M,,2003-03,6.115,0.00,,2003-03,5.864,0.00,6.326,2003-03,21.62M,22.54M,2003-03,,
2002-12,5.183B,5.183B,4.434B,749.40M,501.50M,-2.40M,,,,,501.50M,247.90M,,,,5.90M,,226.70M,70.40M,140.40M,,-15.90M,1.70M,140.40M,142.05M,247.90M,,2002-12,0.2720,0.00,,2002-12,0.2580,0.00,0.2611,2002-12,509.91M,541.45M,2002-12,,
2002-09,5.218B,5.218B,4.440B,778.50M,434.10M,-17.00M,,,,,434.10M,344.40M,,,,-4.80M,,354.70M,106.30M,248.40M,,-15.80M,1.90M,190.50M,202.41M,350.70M,,2002-09,8.921,0.00,,2002-09,8.461,0.00,8.978,2002-09,21.21M,23.00M,2002-09,AOR,Restated
2002-06,5.257B,5.257B,4.509B,748.00M,427.60M,,,,,,427.60M,320.40M,,,,11.30M,,277.30M,102.00M,175.30M,,-15.80M,1.90M,175.30M,175.30M,320.40M,,2002-06,8.209,0.00,,2002-06,7.749,0.00,7.749,2002-06,21.12M,22.38M,2002-06,,
2002-03,4.810B,4.810B,4.166B,644.10M,425.40M,-11.80M,,,,,425.40M,218.70M,,,,-1.50M,,178.60M,63.80M,114.80M,,-11.40M,1.90M,114.80M,122.38M,218.70M,,2002-03,5.319,0.00,,2002-03,5.068,0.00,5.409,2002-03,21.22M,22.28M,2002-03,,
2001-12,4.818B,4.818B,4.141B,676.30M,437.80M,-3.40M,,,,,437.80M,238.50M,,,,0.70M,,195.40M,75.50M,119.90M,,-14.90M,2.10M,119.90M,121.99M,238.50M,,2001-12,5.654,0.00,,2001-12,5.319,0.00,5.414,2001-12,20.83M,22.15M,2001-12,,
2001-09,4.649B,4.649B,3.982B,666.70M,375.70M,-24.20M,,,,,375.70M,291.00M,,,,7.60M,,315.40M,105.80M,209.60M,,-11.40M,2.10M,156.30M,172.38M,326.40M,,2001-09,7.414,0.00,,2001-09,6.995,0.00,7.689,2001-09,20.85M,23.17M,2001-09,,Restated
2001-06,4.722B,4.722B,4.046B,676.10M,405.80M,5.40M,,,,,405.80M,270.30M,,,,5.40M,,232.50M,96.00M,136.50M,,-15.80M,2.10M,136.50M,133.26M,270.30M,,2001-06,6.450,0.00,,2001-06,6.073,0.00,5.927,2001-06,20.84M,22.13M,2001-06,,
2001-03,4.602B,4.602B,3.980B,621.20M,430.60M,-1.60M,,,,,430.60M,190.60M,,,,-1.60M,,144.60M,61.60M,83.00M,,-14.30M,2.10M,83.00M,83.96M,190.60M,,2001-03,3.937,0.00,,2001-03,3.728,0.00,3.772,2001-03,20.55M,21.70M,2001-03,,
2000-12,4.454B,4.454B,3.814B,640.00M,430.80M,4.60M,,,,,430.80M,209.20M,,,,4.60M,,174.60M,72.10M,102.50M,,-11.80M,2.50M,102.50M,99.74M,209.20M,,2000-12,4.859,0.00,,2000-12,4.607,0.00,4.480,2000-12,20.58M,21.70M,2000-12,,
2000-09,4.089B,4.089B,3.293B,795.80M,390.60M,2.10M,,,,,505.20M,290.60M,,,,2.10M,,256.40M,105.20M,151.20M,,-9.10M,2.50M,151.20M,149.94M,290.60M,,2000-09,7.246,0.00,,2000-09,6.827,0.00,6.769,2000-09,20.55M,21.81M,2000-09,,
2000-06,4.389B,4.389B,3.600B,789.40M,409.20M,-0.50M,,,,,522.40M,267.00M,,,,-0.50M,,228.80M,95.40M,133.40M,,-12.20M,2.50M,133.40M,133.70M,267.00M,,2000-06,6.408,0.00,,2000-06,6.073,0.00,6.087,2000-06,20.43M,21.55M,2000-06,,
2000-03,4.358B,4.358B,3.630B,728.50M,419.60M,2.60M,,,,,536.10M,192.40M,,,,2.60M,,154.50M,65.70M,88.80M,,-11.40M,2.40M,88.80M,87.24M,192.40M,,2000-03,4.230,0.00,,2000-03,3.979,0.00,3.907,2000-03,20.42M,21.71M,2000-03,,
1999-12,4.318B,4.318B,3.576B,742.60M,410.10M,-1.90M,,,,,527.60M,215.00M,,,,-1.90M,,171.60M,72.60M,99.00M,,-11.70M,,99.00M,100.14M,215.00M,,1999-12,4.733,0.00,,1999-12,4.440,0.00,4.491,1999-12,20.92M,22.30M,1999-12,,
1999-09,4.195B,4.195B,3.430B,765.20M,378.30M,-1.40M,,,,,492.10M,273.10M,,,,-1.40M,,227.60M,97.10M,130.50M,,-12.40M,2.50M,130.50M,131.34M,273.10M,,1999-09,0.2563,0.00,,1999-09,0.2406,0.00,0.2422,1999-09,488.11M,528.26M,1999-09,,
1999-06,4.191B,4.191B,3.472B,718.50M,377.20M,-3.50M,,,,,479.60M,238.90M,,,,-3.50M,,194.30M,83.20M,111.10M,,-11.30M,2.50M,111.10M,113.20M,238.90M,,1999-06,0.2214,0.00,,1999-06,0.2075,0.00,0.2114,1999-06,489.26M,529.98M,1999-06,,
1999-03,3.880B,3.880B,3.238B,642.10M,368.20M,57.10M,,,,,482.40M,159.70M,,,,57.10M,,171.40M,73.10M,98.30M,,-8.90M,2.40M,98.30M,64.04M,159.70M,,1999-03,0.1970,0.00,,1999-03,0.1831,0.00,0.1183,1999-03,488.11M,528.83M,1999-03,,
1998-12,3.873B,3.873B,3.229B,643.70M,345.30M,-1.20M,,,,,460.50M,183.20M,,,,-1.20M,,138.00M,58.30M,79.70M,,-6.00M,2.40M,79.70M,80.42M,183.20M,,1998-12,0.1587,0.00,,1998-12,0.1499,0.00,0.1854,1998-12,20.29M,20.29M,1998-12,,
1998-09,3.334B,3.334B,2.739B,594.90M,281.90M,69.80M,,,,,387.10M,207.80M,,,,69.80M,,236.60M,100.60M,136.00M,,-5.70M,2.40M,136.00M,94.12M,207.80M,,1998-09,6.600,,,1998-09,6.600,,4.531,1998-09,20.24M,20.24M,1998-09,,
1998-06,3.190B,3.190B,2.626B,564.00M,289.30M,0.90M,,,,,382.90M,181.10M,,,,0.90M,,147.30M,63.40M,83.90M,,-5.50M,2.40M,83.90M,83.36M,181.10M,,1998-06,0.1691,0.00,,1998-06,0.1569,0.00,0.1559,1998-06,485.82M,528.26M,1998-06,,
