,OperatingRevenue,Revenue,CostofGoodsSold,GrossProfit,SalesandMarketingExpense,GeneralandAdministrativeExpense,SG&AExpense,ResearchandDevelopmentExpense,IncomeStatementDepreciation,AmortizationExpense,SpecialIncomeandCharges,ProvisionforDoubtfulAccounts,OperatingInterestExpense,OperatingInterestIncome,NetOperatingInterestIncome,OtherOperatingExpenses,TotalOperatingExpenses,OperatingIncome,Non-OperatingInterestIncome,Non-OperatingInterestExpense,NetNon-OperatingInterestIncomeExpense,OtherIncomeandExpenses,NetInterestIncome,Pre-TaxIncome,ProvisionforIncomeTaxes,"ExtraordinaryItems,IncomeStatement",IncomeAttributabletoMinorityInterest,NetIncome,NormalizedIncome,EBITDA,,BasicEPS(Quarterly),EPSBasicfromContinuingOperations,EPSBasicfromDiscontinuedOperations,EPSBasicfromExtraordinaries,,DilutedEPS(Quarterly),EPSDilutedfromContinuingOperations,NormalizedDilutedEPS,EPSDiluted,,SharesData(Quarterly),AverageBasicSharesOutstanding,AverageDilutedSharesOutstanding,DividendPerShare,,SECFilingLinks,AsOriginallyReported,Restated
2020-09,2.606B,2.606B,656.00M,1.95B,660.00M,258.00M,918.00M,287.00M,,6.00M,,,,95.00M,95.00M,60.00M,1.271B,679.00M,95.00M,,95.00M,,95.00M,774.00M,153.00M,,,664.00M,621.00M,831.00M,,2020-09,0.89,0.06,,,2020-09,0.88,0.88,0.94,,2020-09,696.00M,708.00M,0.16,,2020-09,AOR,
2020-06,2.865B,2.865B,598.00M,2.267B,716.00M,320.00M,1.036B,308.00M,,9.00M,,,,,182.00M,93.00M,1.446B,821.00M,,,182.00M,,182.00M,1.003B,263.00M,,,746.00M,740.00M,993.00M,,2020-06,1.05,0.01,,,2020-06,1.04,1.04,1.05,,2020-06,703.00M,711.00M,0.16,,2020-06,AOR,
2020-03,2.374B,2.374B,526.00M,1.848B,607.00M,234.00M,841.00M,267.00M,,9.00M,,,,2.00M,2.00M,102.00M,1.219B,629.00M,2.00M,,2.00M,,2.00M,631.00M,146.00M,,,3.412B,485.00M,776.00M,,2020-03,0.64,3.89,,,2020-03,0.64,0.64,4.51,,2020-03,753.00M,757.00M,0.16,,2020-03,AOR,
2019-12,4.40B,4.40B,928.00M,3.472B,1.463B,433.00M,1.896B,505.00M,,27.00M,,,183.00M,,-63.00M,106.00M,2.534B,938.00M,,183.00M,-63.00M,,-63.00M,952.00M,207.00M,,,556.00M,745.00M,1.342B,,2019-12,0.65,0.04,,,2019-12,0.65,0.65,0.69,,2019-12,807.00M,814.00M,0.14,,2019-12,AOR,
2019-09,2.083B,2.083B,530.00M,1.553B,577.00M,250.00M,827.00M,243.00M,,7.00M,,,142.00M,,-142.00M,68.00M,1.145B,408.00M,,142.00M,-142.00M,,-142.00M,266.00M,56.00M,,,310.00M,210.00M,552.00M,,2019-09,0.25,0.12,,,2019-09,0.25,0.25,0.37,,2019-09,830.00M,837.00M,0.14,,2019-09,AOR,Restated
2019-06,2.423B,2.423B,553.00M,1.87B,688.00M,256.00M,944.00M,295.00M,,10.00M,,,,,-51.00M,63.00M,1.312B,558.00M,,,-51.00M,,-51.00M,507.00M,107.00M,,,402.00M,400.00M,726.00M,,2019-06,0.47,0.00,,,2019-06,0.46,0.46,0.46,,2019-06,860.00M,867.00M,0.14,,2019-06,AOR,Restated
2019-03,2.413B,2.413B,539.00M,1.874B,647.00M,284.00M,931.00M,272.00M,,11.00M,,,,64.00M,64.00M,67.00M,1.281B,593.00M,64.00M,,64.00M,,64.00M,657.00M,141.00M,,,518.00M,516.00M,755.00M,,2019-03,0.58,0.00,,,2019-03,0.57,0.57,0.57,,2019-03,900.00M,908.00M,0.14,,2019-03,AOR,Restated
2018-12,2.877B,2.877B,618.00M,2.259B,945.00M,245.00M,1.19B,292.00M,,13.00M,,,,,-811.00M,83.00M,1.578B,681.00M,,,-811.00M,,-811.00M,516.00M,-247.00M,,,760.00M,763.00M,1.675B,,2018-12,0.81,0.00,,,2018-12,0.80,0.80,0.80,,2018-12,944.00M,949.00M,,,2018-12,AOR,Restated
2018-09,2.649B,2.649B,608.00M,2.041B,852.00M,248.00M,1.10B,307.00M,,13.00M,,,,,392.00M,65.00M,1.485B,556.00M,,,392.00M,,392.00M,948.00M,228.00M,,,721.00M,720.00M,731.00M,,2018-09,0.74,0.00,,,2018-09,0.73,0.73,0.73,,2018-09,974.00M,983.00M,,,2018-09,AOR,Restated
2018-06,2.64B,2.64B,597.00M,2.043B,838.00M,368.00M,1.206B,352.00M,,13.00M,,,,,301.00M,66.00M,1.637B,406.00M,,,301.00M,,301.00M,707.00M,69.00M,,,642.00M,638.00M,576.00M,,2018-06,0.64,0.00,,,2018-06,0.64,0.64,0.64,,2018-06,992.00M,1.004B,,,2018-06,AOR,Restated
2018-03,2.58B,2.58B,559.00M,2.021B,756.00M,270.00M,1.026B,334.00M,,10.00M,,,,,-32.00M,72.00M,1.442B,579.00M,,,-32.00M,,-32.00M,547.00M,140.00M,,,407.00M,407.00M,758.00M,,2018-03,0.40,0.00,,,2018-03,0.40,0.40,0.40,,2018-03,1.01B,1.029B,,,2018-03,AOR,Restated
2017-12,2.707B,2.707B,590.00M,2.117B,784.00M,264.00M,1.048B,317.00M,,10.00M,,,,,-228.00M,79.00M,1.454B,663.00M,,,-228.00M,,-228.00M,561.00M,3.158B,,,-2.601B,-2.597B,1.138B,,2017-12,-2.51,0.00,,,2017-12,-2.51,-2.51,-2.51,,2017-12,1.034B,1.034B,,,2017-12,AOR,Restated
2017-09,2.498B,2.498B,557.00M,1.941B,719.00M,254.00M,973.00M,316.00M,,10.00M,,,,,120.00M,68.00M,1.367B,574.00M,,,120.00M,,120.00M,694.00M,174.00M,,,520.00M,520.00M,747.00M,,2017-09,0.49,0.00,,,2017-09,0.48,0.48,0.48,,2017-09,1.062B,1.078B,,,2017-09,AOR,Restated
2017-06,2.419B,2.419B,560.00M,1.859B,727.00M,267.00M,994.00M,313.00M,,9.00M,,,,,-18.00M,63.00M,1.379B,480.00M,,,-18.00M,,-18.00M,462.00M,433.00M,,,29.00M,29.00M,648.00M,,2017-06,0.03,0.00,,,2017-06,0.03,0.03,0.03,,2017-06,1.076B,1.091B,,,2017-06,AOR,Restated
2017-03,2.303B,2.303B,514.00M,1.789B,648.00M,245.00M,893.00M,278.00M,,9.00M,,,,,11.00M,62.00M,1.242B,547.00M,,,11.00M,,11.00M,558.00M,-477.00M,,,1.035B,1.035B,710.00M,,2017-03,0.96,,,,2017-03,0.94,0.94,0.94,,2017-03,1.083B,1.102B,,,2017-03,AOR,Restated
2016-12,2.714B,2.714B,536.00M,2.178B,931.00M,248.00M,1.179B,292.00M,,10.00M,,,,,-60.00M,59.00M,1.54B,638.00M,,,-60.00M,,-60.00M,2.004B,-3.944B,,,5.936B,5.948B,2.365B,,2016-12,5.38,-0.01,,,2016-12,5.31,5.31,5.30,,2016-12,1.103B,1.117B,,,2016-12,AOR,Restated
2016-09,2.217B,2.217B,498.00M,1.719B,600.00M,224.00M,824.00M,288.00M,,9.00M,,,,,-9.00M,56.00M,1.177B,542.00M,,,-9.00M,,-9.00M,533.00M,115.00M,,,413.00M,418.00M,714.00M,,2016-09,0.37,0.00,,,2016-09,0.36,0.36,0.36,,2016-09,1.126B,1.139B,,,2016-09,AOR,Restated
2016-06,2.23B,2.23B,493.00M,1.737B,622.00M,218.00M,840.00M,295.00M,,7.00M,,,,,-8.00M,64.00M,1.206B,531.00M,,,-8.00M,,-8.00M,523.00M,86.00M,,,435.00M,437.00M,698.00M,,2016-06,0.38,0.00,,,2016-06,0.38,0.38,0.38,,2016-06,1.144B,1.149B,,,2016-06,AOR,Restated
2016-03,2.137B,2.137B,477.00M,1.66B,538.00M,209.00M,747.00M,239.00M,,8.00M,,,,,-23.00M,52.00M,1.046B,614.00M,,,-23.00M,,-23.00M,591.00M,109.00M,,,482.00M,482.00M,781.00M,,2016-03,0.42,,,,2016-03,0.41,0.41,0.41,,2016-03,1.159B,1.17B,,,2016-03,AOR,Restated
2015-12,2.322B,2.322B,493.00M,1.829B,595.00M,260.00M,855.00M,229.00M,,11.00M,,,,,-268.00M,72.00M,1.167B,662.00M,,,-268.00M,,-268.00M,650.00M,127.00M,,,477.00M,523.00M,1.186B,,2015-12,0.44,-0.04,,,2015-12,0.43,0.43,0.39,,2015-12,1.19B,1.202B,,,2015-12,AOR,Restated
2015-09,2.099B,2.099B,433.00M,1.666B,565.00M,207.00M,772.00M,241.00M,,10.00M,,,,,87.00M,65.00M,1.088B,578.00M,,,87.00M,,87.00M,665.00M,120.00M,,,539.00M,545.00M,760.00M,,2015-09,0.45,0.00,,,2015-09,0.45,0.45,0.45,,2015-09,1.21B,1.223B,,,2015-09,AOR,Restated
2015-06,2.11B,2.11B,434.00M,1.676B,588.00M,353.00M,941.00M,232.00M,,10.00M,,,,,124.00M,65.00M,1.248B,428.00M,,,124.00M,,124.00M,552.00M,122.00M,,,83.00M,430.00M,602.00M,,2015-06,0.35,-0.28,,,2015-06,0.35,0.35,0.07,,2015-06,1.217B,1.225B,,,2015-06,AOR,Restated
2015-03,2.061B,2.061B,411.00M,1.65B,519.00M,302.00M,821.00M,221.00M,,10.00M,,,,,10.00M,69.00M,1.121B,529.00M,,,10.00M,,10.00M,539.00M,90.00M,,,626.00M,449.00M,689.00M,,2015-03,0.37,0.14,,,2015-03,0.37,0.37,0.51,,2015-03,1.216B,1.229B,,,2015-03,AOR,Restated
2014-12,2.323B,2.323B,442.00M,1.881B,627.00M,211.00M,838.00M,236.00M,,10.00M,,,,,-16.00M,66.00M,1.15B,731.00M,,,-16.00M,,-16.00M,738.00M,9.00M,,,1.023B,729.00M,1.043B,,2014-12,0.76,0.24,,,2014-12,0.75,0.75,0.75,,2014-12,1.23B,1.23B,,,2014-12,AOR,Restated
2014-09,2.15B,2.15B,413.00M,1.737B,624.00M,203.00M,827.00M,246.00M,,10.00M,,,,,17.00M,58.00M,1.141B,596.00M,,,17.00M,,17.00M,613.00M,104.00M,,,673.00M,509.00M,606.00M,,2014-09,0.41,0.13,,,2014-09,0.41,0.41,0.54,,2014-09,1.242B,1.251B,,,2014-09,AOR,Restated
2014-06,4.103B,4.103B,1.181B,2.922B,885.00M,448.00M,1.333B,468.00M,,38.00M,,,,,10.00M,229.00M,2.068B,854.00M,,,10.00M,,10.00M,864.00M,144.00M,,,676.00M,720.00M,1.087B,,2014-06,0.57,-0.03,,,2014-06,0.57,0.57,0.53,,2014-06,1.258B,1.267B,,,2014-06,AOR,Restated
2014-03,4.262B,4.262B,1.351B,2.911B,805.00M,465.00M,1.27B,480.00M,,79.00M,,,,,-5.00M,204.00M,2.033B,878.00M,,,-5.00M,,-5.00M,873.00M,3.199B,,,-2.326B,-2.326B,1.26B,,2014-03,-1.82,,,,2014-03,-1.82,-1.82,-1.82,,2014-03,1.276B,1.276B,,,2014-03,AOR,Restated
2013-12,-3.26B,-3.26B,-2.095B,-1.165B,-79.00M,-362.00M,-441.00M,-403.00M,,-109.00M,,,,,-82.00M,-317.00M,-1.27B,105.00M,,,-82.00M,,-82.00M,133.00M,72.00M,,,850.00M,61.00M,208.00M,,2013-12,0.66,,,,2013-12,0.65,0.65,0.65,,2013-12,1.292B,1.31B,,,2013-12,AOR,Restated
2013-09,3.892B,3.892B,1.224B,2.668B,755.00M,415.00M,1.17B,433.00M,,81.00M,,,,,74.00M,185.00M,1.869B,799.00M,,,74.00M,,74.00M,873.00M,184.00M,,,689.00M,689.00M,1.156B,,2013-09,0.53,,,,2013-09,0.53,0.53,0.53,,2013-09,1.295B,1.31B,,,2013-09,AOR,Restated
2013-06,3.877B,3.877B,1.211B,2.666B,771.00M,419.00M,1.19B,451.00M,,82.00M,,,,,6.00M,193.00M,1.916B,750.00M,,,6.00M,,6.00M,756.00M,116.00M,,,640.00M,640.00M,1.097B,,2013-06,0.49,,,,2013-06,0.49,0.49,0.49,,2013-06,1.297B,1.313B,,,2013-06,AOR,Restated
2013-03,3.748B,3.748B,1.152B,2.596B,697.00M,408.00M,1.105B,434.00M,,82.00M,,,,,9.00M,175.00M,1.796B,800.00M,,,9.00M,,9.00M,809.00M,132.00M,,,677.00M,677.00M,1.129B,,2013-03,0.52,,,,2013-03,0.51,0.51,0.51,,2013-03,1.295B,1.319B,,,2013-03,AOR,Restated
2012-12,3.993B,3.993B,1.224B,2.769B,793.00M,436.00M,1.229B,416.00M,,84.00M,0.00,,,,-3.00M,167.00M,1.896B,873.00M,,,-3.00M,7.00M,-3.00M,877.00M,127.00M,,,750.00M,750.00M,1.45B,,2012-12,0.58,,,,2012-12,0.57,0.57,0.57,,2012-12,1.295B,1.319B,,,2012-12,AOR,Restated
2012-09,3.404B,3.404B,1.022B,2.382B,726.00M,369.00M,1.095B,389.00M,,83.00M,0.00,,,,5.00M,148.00M,1.715B,667.00M,,,5.00M,0.00,5.00M,672.00M,75.00M,,,597.00M,597.00M,978.00M,,2012-09,0.46,,,,2012-09,0.45,0.45,0.45,,2012-09,1.292B,1.314B,,,2012-09,AOR,Restated
2012-06,3.398B,3.398B,987.00M,2.411B,717.00M,390.00M,1.107B,394.00M,,84.00M,118.00M,,,,38.00M,131.00M,1.716B,695.00M,,,38.00M,118.00M,38.00M,851.00M,159.00M,,,692.00M,596.07M,985.00M,,2012-06,0.54,,,,2012-06,0.53,0.4567,0.53,,2012-06,1.291B,1.309B,,,2012-06,AOR,Restated
2012-03,3.277B,3.277B,983.00M,2.294B,677.00M,372.00M,1.049B,374.00M,,84.00M,,,,,31.00M,134.00M,1.641B,653.00M,,,31.00M,,31.00M,684.00M,114.00M,,,570.00M,570.00M,934.00M,,2012-03,0.44,,,,2012-03,0.44,0.44,0.44,,2012-03,1.288B,1.308B,,,2012-03,AOR,Restated
2011-12,3.38B,3.38B,1.035B,2.345B,672.00M,346.00M,1.018B,344.00M,,85.00M,1.663B,,,,-25.00M,,1.592B,753.00M,,,-25.00M,1.707B,-25.00M,2.435B,456.00M,,,1.979B,627.43M,2.588B,,2011-12,1.54,0.00,,,2011-12,1.51,0.4853,1.51,,2011-12,1.299B,1.319B,,,2011-12,AOR,Restated
2011-09,2.966B,2.966B,920.00M,2.046B,623.00M,336.00M,959.00M,319.00M,,85.00M,0.00,146.00M,,,79.00M,,1.509B,537.00M,,,79.00M,,79.00M,616.00M,125.00M,,,491.00M,491.00M,803.00M,,2011-09,0.38,0.00,,,2011-09,0.37,0.37,0.37,,2011-09,1.29B,1.309B,,,2011-09,AOR,Restated
2011-06,2.76B,2.76B,773.00M,1.987B,608.00M,392.00M,1.00B,297.00M,,53.00M,-256.00M,118.00M,,,28.00M,,1.468B,519.00M,,,28.00M,-256.00M,28.00M,291.00M,8.00M,,,283.00M,532.09M,727.00M,,2011-06,0.22,0.00,,,2011-06,0.22,0.4094,0.22,,2011-06,1.297B,1.315B,,,2011-06,AOR,Restated
2011-03,2.546B,2.546B,729.00M,1.817B,533.00M,293.00M,826.00M,275.00M,,44.00M,,107.00M,,,3.00M,,1.252B,565.00M,,,3.00M,,3.00M,568.00M,92.00M,,,476.00M,476.00M,758.00M,,2011-03,0.37,0.00,,,2011-03,0.36,0.36,0.36,,2011-03,1.297B,1.32B,,,2011-03,AOR,Restated
2010-12,2.495B,2.495B,701.81M,1.793B,538.95M,300.50M,839.44M,245.74M,,41.90M,20.44M,,,,34.31M,,1.223B,570.21M,,,34.31M,-17.56M,34.31M,586.96M,27.73M,,,559.23M,539.75M,810.04M,,2010-12,0.43,,,,2010-12,0.42,0.4054,0.42,,2010-12,1.314B,1.334B,,,2010-12,AOR,Restated
2010-09,2.249B,2.249B,640.27M,1.609B,483.65M,261.66M,745.32M,226.80M,,45.96M,-3.005M,97.96M,,,26.82M,,1.116B,493.18M,,,26.82M,-3.005M,26.82M,517.00M,85.07M,,,431.93M,434.44M,687.52M,,2010-09,0.33,0.00,,,2010-09,0.33,0.3319,0.33,,2010-09,1.309B,1.328B,,,2010-09,AOR,Restated
2010-06,2.215B,2.215B,615.37M,1.600B,478.24M,262.10M,740.34M,225.32M,,48.90M,-8.863M,92.03M,,,14.82M,,1.107B,493.43M,,,14.82M,-8.863M,14.82M,499.39M,87.19M,,,412.19M,419.51M,681.24M,,2010-06,0.31,0.00,,,2010-06,0.31,0.3155,0.31,,2010-06,1.310B,1.330B,,,2010-06,AOR,Restated
2010-03,2.196B,2.196B,606.56M,1.590B,446.16M,276.74M,722.90M,210.14M,,53.25M,-8.569M,106.03M,,,6.046M,,1.092B,497.18M,,,6.046M,-8.569M,6.046M,494.66M,97.00M,,,397.65M,404.54M,685.20M,,2010-03,0.31,0.00,,,2010-03,0.30,0.3052,0.30,,2010-03,1.301B,1.326B,,,2010-03,AOR,Restated
2009-12,2.371B,2.371B,670.70M,1.700B,526.40M,620.42M,1.147B,197.94M,,62.62M,-1.25M,112.23M,,,1.413B,,1.520B,180.62M,,,1.413B,-1.25M,1.413B,1.593B,237.89M,,,1.355B,1.356B,381.41M,,2009-12,1.05,0.00,,,2009-12,1.03,1.031,1.03,,2009-12,1.295B,1.322B,,,2009-12,AOR,Restated
2009-09,2.238B,2.238B,643.91M,1.594B,491.46M,272.18M,763.64M,205.21M,,72.80M,-12.67M,96.68M,,,-4.606M,,1.138B,455.61M,,,-4.606M,-12.67M,-4.606M,438.34M,88.60M,,,349.74M,359.85M,670.68M,,2009-09,0.27,0.00,,,2009-09,0.27,0.2777,0.27,,2009-09,1.294B,1.311B,,,2009-09,AOR,Restated
2009-06,2.098B,2.098B,591.77M,1.506B,464.50M,257.50M,722.00M,198.40M,,63.80M,-17.65M,92.68M,,,-4.529M,,1.077B,429.34M,,,-4.529M,-17.65M,-4.529M,407.16M,79.82M,,,327.34M,341.53M,627.15M,,2009-06,0.25,0.00,,,2009-06,0.25,0.2609,0.25,,2009-06,1.289B,1.300B,,,2009-06,AOR,Restated
2009-03,2.021B,2.021B,573.39M,1.447B,403.32M,268.29M,671.61M,201.52M,,63.47M,-6.611M,81.23M,,,18.09M,,1.018B,429.38M,,,18.09M,-6.611M,18.09M,440.86M,83.74M,,,357.11M,362.47M,626.66M,,2009-03,0.28,0.00,,,2009-03,0.28,0.2842,0.28,,2009-03,1.284B,1.288B,,,2009-03,AOR,Restated
2008-12,2.036B,2.036B,579.59M,1.456B,418.36M,205.08M,623.44M,171.21M,,72.44M,-49.12M,86.58M,,,19.80M,,953.67M,502.58M,,,19.80M,,19.80M,473.27M,106.08M,,,367.19M,405.30M,704.48M,,2008-12,0.29,0.00,,,2008-12,0.29,0.3197,0.29,,2008-12,1.279B,1.284B,,,2008-12,AOR,Restated
2008-09,2.118B,2.118B,560.96M,1.557B,451.75M,248.91M,700.66M,190.84M,,52.72M,0.00,88.27M,,,38.57M,,1.032B,524.08M,,,38.57M,,38.57M,562.64M,70.42M,,,492.22M,492.22M,702.65M,,2008-09,0.38,0.00,,,2008-09,0.38,0.38,0.38,,2008-09,1.289B,1.297B,,,2008-09,,Restated
2008-06,2.196B,2.196B,562.10M,1.634B,,,846.48M,186.79M,,54.92M,,,,,,,1.088B,545.37M,,,,,,568.13M,107.79M,,,460.34M,460.34M,718.73M,,2008-06,0.35,0.00,,,2008-06,0.35,0.35,0.35,,2008-06,1.312B,1.325B,,,2008-06,,
2008-03,2.192B,2.192B,525.41M,1.667B,514.55M,281.72M,796.28M,176.76M,,54.83M,0.00,86.16M,,,26.74M,,1.114B,552.78M,,,26.74M,,26.74M,579.52M,119.80M,,,459.72M,459.72M,718.76M,,2008-03,0.34,0.00,,,2008-03,0.34,0.34,0.34,,2008-03,1.334B,1.344B,,,2008-03,,Restated
2007-12,2.181B,2.181B,505.97M,1.675B,,,825.86M,169.32M,,53.31M,0.00,,,,,0.00,1.048B,626.14M,,,,0.00,,671.46M,140.58M,,,530.89M,530.89M,785.96M,,2007-12,0.39,0.00,,,2007-12,0.38,0.38,0.38,,2007-12,1.353B,1.422B,,,2007-12,,
2007-09,1.889B,1.889B,446.52M,1.443B,,,772.69M,164.88M,,51.89M,-1.391B,,,,,1.391B,2.380B,-937.69M,,,,-1.391B,,-902.06M,33.58M,,,-935.64M,-31.53M,-785.97M,,2007-09,-0.69,0.00,,,2007-09,-0.69,-0.0227,-0.69,,2007-09,1.355B,1.355B,,,2007-09,,
2007-06,1.834B,1.834B,416.79M,1.418B,,,761.25M,147.93M,,51.55M,,,,,,,960.73M,456.91M,,,,,,488.14M,112.32M,,,375.82M,375.82M,603.63M,,2007-06,0.28,0.00,,,2007-06,0.27,0.27,0.27,,2007-06,1.361B,1.379B,,,2007-06,,
2007-03,1.768B,1.768B,393.69M,1.374B,,,721.61M,137.60M,,47.35M,,,,,,,906.56M,467.83M,,,,,,493.30M,116.13M,,,377.18M,377.18M,611.28M,,2007-03,0.28,0.00,,,2007-03,0.27,0.27,0.27,,2007-03,1.367B,1.384B,,,2007-03,,
2006-12,1.720B,1.720B,356.32M,1.364B,,,737.05M,131.25M,,45.40M,,,,,,,913.70M,449.88M,,,,,,483.60M,137.13M,,,346.47M,346.47M,593.50M,,2006-12,0.25,0.00,,,2006-12,0.25,0.25,0.25,,2006-12,1.379B,1.402B,,,2006-12,,
2006-09,1.449B,1.449B,320.00M,1.129B,,,622.01M,120.40M,,47.20M,,,,,,,789.61M,339.03M,,,,,,379.71M,98.81M,,,280.90M,280.90M,474.26M,,2006-09,0.20,0.00,,,2006-09,0.20,0.20,0.20,,2006-09,1.406B,1.426B,,,2006-09,,
2006-06,1.411B,1.411B,292.48M,1.118B,,,620.92M,123.97M,,62.00M,,,,,,,806.89M,311.41M,,,,,,336.12M,86.12M,,-0.001M,249.99M,249.99M,453.84M,,2006-06,0.18,0.00,,,2006-06,0.17,0.17,0.17,,2006-06,1.412B,1.436B,,,2006-06,,
2006-03,1.390B,1.390B,283.60M,1.107B,,,618.24M,119.07M,,46.89M,,,,,,,784.20M,322.62M,,,,,,347.64M,99.35M,,,248.28M,248.28M,445.91M,,2006-03,0.18,0.00,,,2006-03,0.17,0.17,0.17,,2006-03,1.406B,1.438B,,,2006-03,,
2005-12,1.329B,1.329B,239.52M,1.089B,,,563.62M,103.88M,,51.42M,,,,,,,718.93M,370.41M,,,,,,395.05M,115.83M,,-0.001M,279.22M,279.22M,482.74M,,2005-12,0.20,0.00,,,2005-12,0.20,0.20,0.20,,2005-12,1.394B,1.426B,,,2005-12,,
2005-09,1.106B,1.106B,200.38M,905.14M,,,440.32M,78.88M,,29.20M,,,,,,,548.40M,356.74M,,,,,,386.96M,131.99M,,-0.002M,254.97M,254.97M,453.96M,,2005-09,0.19,0.00,,,2005-09,0.18,0.18,0.18,,2005-09,1.357B,1.387B,,,2005-09,,
2005-06,1.086B,1.086B,191.84M,894.46M,,,418.04M,71.64M,,25.79M,,,,,,,515.48M,378.99M,,,,,,411.11M,119.52M,,-0.028M,291.56M,291.56M,467.94M,,2005-06,0.22,0.00,,,2005-06,0.21,0.21,0.21,,2005-06,1.351B,1.379B,,,2005-06,,
2005-03,1.032B,1.032B,186.37M,845.36M,,,407.74M,73.79M,,22.52M,,,,,,5.731M,509.78M,335.57M,,,,,,356.26M,99.95M,,-0.018M,256.29M,256.29M,415.23M,,2005-03,0.19,0.00,,,2005-03,0.19,0.19,0.19,,2005-03,1.343B,1.382B,,,2005-03,,
2004-12,935.78M,935.78M,176.40M,759.38M,,,402.64M,64.57M,,19.74M,,,,,,,474.65M,284.72M,,,,,,301.22M,95.78M,,-0.059M,205.38M,205.38M,361.78M,,2004-12,0.075,0.00,,,2004-12,0.075,0.075,0.075,,2004-12,2.669B,2.777B,,,2004-12,,
2004-09,805.88M,805.88M,157.12M,648.76M,,,313.03M,63.40M,,16.46M,,,,,,1.957M,394.84M,253.91M,,,,,,264.84M,80.75M,,-1.742M,182.35M,182.35M,319.89M,,2004-09,0.07,0.00,,,2004-09,0.065,0.065,0.065,,2004-09,2.646B,2.740B,,,2004-09,,
2004-06,773.41M,773.41M,146.53M,626.88M,,,292.09M,59.98M,,15.77M,,,,,,5.186M,373.02M,253.86M,,,,,,274.25M,81.60M,,-2.261M,190.40M,190.40M,314.11M,,2004-06,0.145,0.00,,,2004-06,0.14,0.14,0.14,,2004-06,1.316B,1.365B,,,2004-06,,
2004-03,756.24M,756.24M,134.36M,621.88M,,,283.33M,52.70M,,13.96M,,,,,,5.146M,355.13M,266.75M,,,,,,287.92M,85.76M,,-2.06M,200.10M,200.10M,322.99M,,2004-03,0.155,0.00,,,2004-03,0.15,0.15,0.15,,2004-03,1.305B,1.348B,,,2004-03,,
2003-12,648.39M,648.39M,115.46M,532.94M,,,268.77M,46.43M,,12.99M,-1.00M,,,,,1.606M,329.79M,203.14M,,,,-1.00M,,211.55M,67.04M,0.00,-2.045M,142.46M,143.15M,243.53M,,2003-12,0.11,0.00,0.00,,2003-12,0.105,0.1055,0.105,,2003-12,1.293B,1.333B,,,2003-12,,
2003-09,530.94M,530.94M,109.35M,421.59M,,,210.65M,39.74M,,13.82M,,,,,,1.51M,265.72M,155.87M,,,,,,161.41M,51.14M,-5.413M,-1.611M,103.25M,108.66M,200.19M,,2003-09,0.085,-0.005,0.00,,2003-09,0.085,0.085,0.08,,2003-09,1.285B,1.324B,,,2003-09,,
2003-06,509.27M,509.27M,99.15M,410.12M,,,204.09M,38.82M,,11.98M,-29.96M,,,,,33.15M,288.04M,122.08M,,,,-29.96M,,132.96M,39.54M,,-1.544M,91.87M,112.92M,162.09M,,2003-06,0.035,0.00,,,2003-06,0.035,0.0430,0.035,,2003-06,2.547B,2.625B,,,2003-06,,
2003-03,476.49M,476.49M,92.10M,384.39M,,,186.76M,34.33M,,11.87M,-0.23M,,,,,3.29M,236.25M,148.14M,,,,-0.23M,,155.59M,49.02M,,-2.378M,104.19M,104.35M,182.44M,,2003-03,0.0825,0.00,,,2003-03,0.08,0.0801,0.08,,2003-03,1.255B,1.285B,,,2003-03,,
2002-12,413.93M,413.93M,82.66M,331.26M,,,172.08M,31.82M,,12.06M,0.00,,,,,1.379M,217.34M,113.92M,,,,0.00,,135.66M,48.94M,,-2.025M,87.00M,87.00M,141.21M,,2002-12,0.0699,,,,2002-12,0.0699,0.0699,0.0699,,2002-12,1.245B,1.245B,,,2002-12,,
2002-09,288.78M,288.78M,45.37M,243.40M,,,127.36M,24.16M,,1.239M,-2.60M,,,,,0.526M,153.29M,90.12M,,,,-2.60M,,96.20M,34.31M,,-0.879M,61.00M,62.68M,107.88M,,2002-09,0.055,0.00,,,2002-09,0.0525,0.0540,0.0525,,2002-09,1.129B,1.146B,,,2002-09,,
2002-06,266.29M,266.29M,44.56M,221.73M,,,116.40M,24.35M,,1.108M,,,,,,0.431M,142.28M,79.44M,,,,,,87.74M,33.29M,,-0.15M,54.31M,54.31M,97.04M,,2002-06,0.0475,0.00,,,2002-06,0.0475,0.0475,0.0475,,2002-06,1.123B,1.142B,,,2002-06,,
2002-03,245.11M,245.11M,41.28M,203.83M,,,105.60M,24.31M,,1.53M,-1.181M,,,,,1.679M,133.11M,70.72M,,,,-1.181M,,76.24M,29.41M,,0.758M,47.58M,48.31M,84.64M,,2002-03,0.0425,0.00,,,2002-03,0.0425,0.0431,0.0425,,2002-03,1.113B,1.140B,,,2002-03,,
2001-12,219.40M,219.40M,39.99M,179.41M,,,102.80M,21.72M,,12.39M,0.00,,,,,0.881M,137.79M,41.62M,,,,0.00,,48.08M,24.04M,,1.891M,25.94M,25.94M,69.25M,,2001-12,0.025,0.00,,,2001-12,0.0225,0.0225,0.0225,,2001-12,1.098B,1.134B,,,2001-12,,
2001-09,194.42M,194.42M,34.95M,159.47M,,,93.87M,20.18M,,12.02M,-6.324M,,,,,0.749M,126.82M,32.65M,,,,-6.324M,,35.17M,19.27M,,2.937M,18.84M,22.63M,56.21M,,2001-09,0.0175,0.00,,,2001-09,0.0175,0.0209,0.0175,,2001-09,1.085B,1.129B,,,2001-09,,
2001-06,180.90M,180.90M,32.87M,148.03M,,,85.72M,17.65M,,8.822M,,,,,,0.385M,112.58M,35.45M,,,,,,44.64M,21.28M,,1.242M,24.61M,24.61M,59.00M,,2001-06,0.0225,0.00,,,2001-06,0.0225,0.0225,0.0225,,2001-06,1.068B,1.134B,,,2001-06,,
2001-03,154.09M,154.09M,27.00M,127.09M,,,76.86M,15.74M,,3.355M,-9.921M,,,,,0.427M,96.38M,30.70M,,,,-9.921M,,36.49M,15.43M,,1.444M,21.07M,27.02M,45.70M,,2001-03,0.02,0.00,,,2001-03,0.02,0.0253,0.02,,2001-03,1.057B,1.115B,,,2001-03,,
2000-12,134.01M,134.01M,13.31M,120.70M,,,67.92M,14.14M,,,-0.119M,,,,,0.585M,93.85M,26.85M,,,,-0.119M,,39.77M,15.91M,,1.468M,23.86M,23.93M,38.05M,,2000-12,0.0225,0.00,,,2000-12,0.02,0.0201,0.02,,2000-12,1.040B,1.119B,,,2000-12,,
2000-09,113.38M,113.38M,9.027M,104.35M,,,58.48M,15.78M,,,-0.607M,,,,,0.017M,89.43M,14.92M,,,,-0.607M,,25.35M,10.14M,,0.32M,15.21M,15.58M,30.07M,,2000-09,0.015,0.00,,,2000-09,0.0125,0.0128,0.0125,,2000-09,1.023B,1.121B,,,2000-09,,
2000-06,98.15M,98.15M,24.20M,73.95M,,,57.70M,13.60M,,0.34M,,,,,,0.834M,72.48M,1.471M,,,,,,11.86M,5.401M,,0.995M,7.459M,7.459M,12.03M,,2000-06,0.0019,0.00,,,2000-06,0.0019,0.0019,0.0019,,2000-06,3.997B,4.488B,,,2000-06,,
2000-03,85.89M,85.89M,15.05M,70.84M,,,56.51M,12.34M,8.332M,0.275M,,,,,,-7.431M,70.03M,0.808M,,,,,,3.032M,1.274M,,0.279M,1.758M,1.758M,11.12M,,2000-03,0.0003,0.00,,,2000-03,0.0003,0.0003,0.0003,,2000-03,7.765B,9.003B,,,2000-03,,
1999-12,73.92M,73.92M,30.19M,43.74M,,,43.56M,10.35M,,,0.241M,,,,,,45.45M,-1.714M,,,,0.241M,,6.339M,2.672M,,,3.667M,3.522M,14.21M,,1999-12,0.0035,,,,1999-12,0.0035,0.0034,0.0035,,1999-12,1.038B,1.038B,,,1999-12,,
1999-09,58.50M,58.50M,15.60M,42.90M,,,39.00M,6.90M,,,,,,,,,47.70M,-4.80M,,,,,,2.40M,1.00M,,,1.40M,1.40M,-3.00M,,1999-09,0.0012,0.00,,,1999-09,0.0012,0.0012,0.0012,,1999-09,927.84M,1.121B,,,1999-09,,
1999-06,49.50M,49.50M,5.70M,43.80M,,,33.00M,5.50M,,,-4.40M,,,,,,44.00M,-0.20M,,,,-4.40M,,1.40M,0.60M,,,0.80M,3.44M,5.30M,,1999-06,0.0012,0.00,,,1999-06,0.0012,0.0037,0.0012,,1999-06,854.84M,1.093B,,,1999-06,,
1999-03,42.80M,42.80M,5.30M,37.50M,,,24.60M,2.20M,,,0.90M,,,,,,29.80M,7.70M,,,,0.90M,,8.10M,4.30M,,-0.10M,3.80M,3.26M,10.70M,,1999-03,0.0003,0.00,,,1999-03,0.0003,0.0001,0.0003,,1999-03,1.563B,2.117B,,,1999-03,,
1998-12,30.90M,30.90M,1.30M,29.60M,,,19.50M,1.50M,,,-0.60M,,,,,,26.00M,3.60M,,,,-0.60M,,3.50M,0.80M,,,2.70M,3.163M,8.60M,,1998-12,0.0028,,,,1998-12,0.0028,0.0033,0.0028,,1998-12,966.08M,966.08M,,,1998-12,,
1998-09,21.70M,21.70M,3.30M,18.40M,,,13.60M,1.50M,,,0.20M,,,,,,16.50M,1.90M,,,,0.20M,,1.70M,1.20M,,,0.50M,0.38M,3.30M,,1998-09,0.0001,0.00,,,1998-09,0.0001,-0.0000,0.0001,,1998-09,967.30M,967.30M,,,1998-09,,
1998-06,19.50M,19.50M,1.30M,18.20M,,,10.80M,1.00M,,,,,,,,,14.00M,4.20M,,,,,,3.70M,1.00M,,,2.70M,2.70M,6.40M,,1998-06,0.0004,0.00,,,1998-06,0.0001,0.0001,0.0001,,1998-06,967.30M,967.30M,,,1998-06,,
