,OperatingRevenue,Revenue,CostofGoodsSold,GrossProfit,GeneralandAdministrativeExpense,SG&AExpense,SpecialIncomeandCharges,OperatingInterestExpense,NetOperatingInterestIncome,OtherOperatingExpenses,TotalOperatingExpenses,OperatingIncome,Non-OperatingInterestExpense,NetNon-OperatingInterestIncomeExpense,OtherIncomeandExpenses,NetInterestIncome,Pre-TaxIncome,ProvisionforIncomeTaxes,IncomefromContinuingOperations,IncomefromDiscontinuedOperations,"ExtraordinaryItems,IncomeStatement",NetIncome,NormalizedIncome,EBITDA,ReconciledDepreciation,BasicEPS(Quarterly),EPSBasicfromContinuingOperations,EPSBasicfromDiscontinuedOperations,EPSBasicfromExtraordinaries,NormalizedBasicEPS,DilutedEPS(Quarterly),EPSDilutedfromContinuingOperations,EPSDilutedfromDiscontinuedOperations,EPSDilutedfromExtraordinaries,NormalizedDilutedEPS,SharesData(Quarterly),AverageBasicSharesOutstanding,AverageDilutedSharesOutstanding,SECFilingLinks,AsOriginallyReported,Restated
2020-09,583.70M,583.70M,275.47M,308.22M,174.70M,174.70M,-1.355M,0.866M,-0.866M,,197.10M,111.12M,0.866M,-0.866M,-1.355M,-0.866M,108.90M,29.32M,79.58M,,,79.58M,80.57M,132.17M,22.40M,2020-09,0.16,,,0.1620,2020-09,0.16,,,0.1620,2020-09,491.63M,491.63M,2020-09,AOR,
2020-06,553.33M,553.33M,255.62M,297.71M,171.25M,171.25M,0.451M,1.46M,-1.46M,,193.18M,104.53M,1.46M,-1.46M,0.451M,-1.46M,103.52M,28.16M,75.36M,,,75.36M,75.03M,126.90M,21.92M,2020-06,0.1533,,,0.1527,2020-06,0.1533,,,0.1527,2020-06,491.64M,491.64M,2020-06,AOR,
2020-03,487.90M,487.90M,251.15M,236.75M,157.86M,157.86M,0.275M,,-2.165M,,179.46M,57.29M,,-2.165M,0.275M,-2.165M,55.40M,12.13M,43.27M,,,43.27M,43.05M,78.89M,21.60M,2020-03,0.0867,,,0.0862,2020-03,0.0867,,,0.0862,2020-03,491.52M,491.52M,2020-03,AOR,
2019-12,505.98M,505.98M,254.28M,251.70M,154.80M,154.80M,0.175M,,-2.466M,,177.40M,74.30M,,-2.466M,0.175M,-2.466M,72.01M,21.24M,50.76M,,,50.76M,50.64M,96.50M,21.04M,2019-12,0.1067,,,0.1064,2019-12,0.1067,,,0.1064,2019-12,491.16M,491.16M,2019-12,AOR,
2019-09,556.47M,556.47M,268.72M,287.75M,217.07M,217.07M,-0.027M,2.826M,-2.826M,,238.76M,48.99M,2.826M,-2.826M,-0.027M,-2.826M,46.14M,2.078M,44.06M,,,44.06M,44.09M,70.66M,21.69M,2019-09,0.0867,,,0.0867,2019-09,0.0867,,,0.0867,2019-09,491.19M,491.19M,2019-09,AOR,Restated
2019-06,523.96M,523.96M,253.33M,270.62M,161.89M,161.89M,0.252M,1.899M,-1.899M,,182.02M,88.61M,1.899M,-1.899M,0.252M,-1.899M,86.96M,22.66M,64.30M,,,64.30M,64.11M,108.99M,20.13M,2019-06,0.1333,,,0.1330,2019-06,0.1333,,,0.1330,2019-06,491.26M,491.26M,2019-06,AOR,Restated
2019-03,429.07M,429.07M,217.26M,211.81M,139.53M,139.53M,0.181M,,0.274M,,156.21M,55.60M,,0.274M,0.181M,0.274M,56.05M,11.83M,44.23M,,,44.23M,44.08M,72.28M,16.68M,2019-03,0.0933,,,0.0930,2019-03,0.0933,,,0.0930,2019-03,491.26M,491.26M,2019-03,AOR,Restated
2018-12,444.62M,444.62M,221.24M,223.39M,135.76M,135.76M,0.197M,,0.29M,,152.40M,70.98M,,0.29M,0.197M,0.29M,71.47M,20.50M,50.97M,,,50.97M,50.83M,87.63M,14.53M,2018-12,0.1067,,,0.1064,2018-12,0.1067,,,0.1064,2018-12,490.97M,490.97M,2018-12,AOR,Restated
2018-09,487.74M,487.74M,236.29M,251.45M,145.07M,145.07M,0.314M,,0.063M,,161.94M,89.51M,,0.063M,0.314M,0.063M,89.89M,23.26M,66.63M,,,66.63M,66.40M,106.38M,16.87M,2018-09,0.1333,,,0.1329,2018-09,0.1333,,,0.1329,2018-09,490.98M,490.98M,2018-09,AOR,Restated
2018-06,480.46M,480.46M,230.77M,249.69M,143.38M,143.38M,0.308M,,-0.075M,,159.74M,89.94M,,-0.075M,0.308M,-0.075M,90.18M,24.64M,65.54M,,,65.54M,65.32M,106.31M,16.37M,2018-06,0.1333,,,0.1329,2018-06,0.1333,,,0.1329,2018-06,490.92M,490.92M,2018-06,AOR,Restated
2018-03,408.74M,408.74M,206.14M,202.60M,126.49M,126.49M,0.056M,,-0.058M,,143.40M,59.20M,,-0.058M,0.056M,-0.058M,59.19M,10.67M,48.52M,,,48.52M,48.48M,76.11M,16.92M,2018-03,0.10,,,0.0999,2018-03,0.10,,,0.0999,2018-03,490.87M,490.87M,2018-03,AOR,Restated
2017-12,414.71M,414.71M,207.52M,207.19M,123.68M,123.68M,0.063M,,-0.083M,,138.63M,68.56M,,-0.083M,0.063M,-0.083M,68.54M,34.81M,33.74M,,,33.74M,33.70M,83.51M,13.90M,2017-12,0.0667,,,0.0666,2017-12,0.0667,,,0.0666,2017-12,490.48M,490.48M,2017-12,AOR,Restated
2017-09,450.44M,450.44M,218.78M,231.66M,134.93M,134.93M,0.066M,,0.079M,,149.24M,82.42M,,0.079M,0.066M,0.079M,82.56M,31.13M,51.43M,,,51.43M,51.39M,96.73M,14.31M,2017-09,0.1067,,,0.1066,2017-09,0.1067,,,0.1066,2017-09,490.47M,490.47M,2017-09,AOR,Restated
2017-06,433.56M,433.56M,204.48M,229.08M,129.67M,129.67M,0.088M,,0.19M,,143.21M,85.86M,,0.19M,0.088M,0.19M,86.14M,32.45M,53.69M,,,53.69M,53.63M,99.41M,13.55M,2017-06,0.1111,,,0.1110,2017-06,0.1111,,,0.1110,2017-06,490.50M,490.50M,2017-06,AOR,Restated
2017-03,375.25M,375.25M,189.16M,186.08M,115.15M,115.15M,0.026M,,0.073M,,128.92M,57.16M,,0.073M,0.026M,0.073M,57.26M,16.99M,40.27M,,,40.27M,40.25M,70.93M,13.77M,2017-03,0.08,,,0.0800,2017-03,0.08,,,0.0800,2017-03,490.43M,490.43M,2017-03,AOR,Restated
2016-12,385.61M,385.61M,193.00M,192.62M,126.32M,126.32M,0.057M,,0.004M,,140.15M,52.47M,,0.004M,0.057M,0.004M,52.53M,14.52M,38.01M,,,38.01M,37.97M,66.30M,12.82M,2016-12,0.0756,,,0.0755,2016-12,0.0756,,,0.0755,2016-12,490.09M,490.09M,2016-12,AOR,Restated
2016-09,423.99M,423.99M,205.61M,218.39M,125.41M,125.41M,0.052M,,0.018M,,138.49M,79.90M,,0.018M,0.052M,0.018M,79.97M,30.32M,49.65M,,,49.65M,49.62M,92.98M,13.08M,2016-09,0.1022,,,0.1022,2016-09,0.1022,,,0.1022,2016-09,490.59M,490.59M,2016-09,AOR,Restated
2016-06,411.13M,411.13M,195.94M,215.19M,126.54M,126.54M,0.579M,,0.088M,,138.90M,76.30M,,0.088M,0.579M,0.088M,76.96M,29.18M,47.78M,,,47.78M,47.42M,88.64M,12.35M,2016-06,0.0978,,,0.0970,2016-06,0.0978,,,0.0970,2016-06,491.48M,491.48M,2016-06,AOR,Restated
2016-03,352.74M,352.74M,177.80M,174.93M,112.26M,112.26M,0.089M,,0.05M,,123.90M,51.04M,,0.05M,0.089M,0.05M,51.18M,19.25M,31.93M,,,31.93M,31.87M,62.68M,11.64M,2016-03,0.0667,,,0.0666,2016-03,0.0667,,,0.0666,2016-03,492.04M,492.04M,2016-03,AOR,Restated
2015-12,362.50M,362.50M,182.24M,180.26M,117.60M,117.60M,0.449M,,0.026M,,128.94M,51.32M,,0.026M,0.449M,0.026M,51.80M,20.05M,31.75M,,,31.75M,31.47M,62.66M,8.957M,2015-12,0.0667,,,0.0661,2015-12,0.0667,,,0.0661,2015-12,491.81M,491.81M,2015-12,AOR,Restated
2015-09,399.75M,399.75M,195.49M,204.26M,121.94M,121.94M,1.255M,,0.021M,,133.10M,71.16M,,0.021M,1.255M,0.021M,72.43M,27.39M,45.05M,,,45.05M,44.27M,82.31M,11.16M,2015-09,0.0933,,,0.0917,2015-09,0.0933,,,0.0917,2015-09,491.84M,491.84M,2015-09,AOR,Restated
2015-06,392.15M,392.15M,190.21M,201.94M,118.62M,118.62M,0.194M,,0.066M,,129.87M,72.07M,,0.066M,0.194M,0.066M,72.33M,27.26M,45.07M,,,45.07M,44.95M,83.32M,11.24M,2015-06,0.0933,,,0.0931,2015-06,0.0933,,,0.0931,2015-06,491.88M,491.88M,2015-06,AOR,Restated
2015-03,330.91M,330.91M,168.04M,162.87M,105.58M,105.58M,0.055M,,0.047M,,116.36M,46.51M,,0.047M,0.055M,0.047M,46.61M,16.33M,30.28M,,,30.28M,30.25M,57.29M,10.78M,2015-03,0.0622,,,0.0622,2015-03,0.0622,,,0.0622,2015-03,491.72M,491.72M,2015-03,AOR,Restated
2014-12,343.95M,343.95M,174.98M,168.97M,111.36M,111.36M,0.054M,,0.116M,,122.61M,46.36M,,0.116M,0.054M,0.116M,46.54M,16.62M,29.92M,,,29.92M,29.88M,57.62M,10.02M,2014-12,0.0622,,,0.0622,2014-12,0.0622,,,0.0622,2014-12,491.14M,491.14M,2014-12,AOR,Restated
2014-09,384.87M,384.87M,188.81M,196.06M,118.76M,118.76M,0.086M,,-0.024M,,130.20M,65.86M,,-0.024M,0.086M,-0.024M,65.92M,24.80M,41.12M,,,41.12M,41.07M,77.30M,11.44M,2014-09,0.0844,,,0.0843,2014-09,0.0844,,,0.0843,2014-09,492.08M,492.08M,2014-09,AOR,Restated
2014-06,369.36M,369.36M,182.64M,186.72M,110.75M,110.75M,0.23M,,0.086M,,121.36M,65.36M,,0.086M,0.23M,0.086M,65.67M,24.81M,40.86M,,,40.86M,40.72M,75.96M,10.61M,2014-06,0.0844,,,0.0842,2014-06,0.0844,,,0.0842,2014-06,492.33M,492.33M,2014-06,AOR,Restated
2014-03,313.39M,313.39M,161.31M,152.08M,100.83M,100.83M,0.248M,,0.076M,,111.05M,41.03M,,0.076M,0.248M,0.076M,41.36M,15.59M,25.77M,,,25.77M,25.61M,51.25M,10.21M,2014-03,0.0533,,,0.0530,2014-03,0.0533,,,0.0530,2014-03,492.72M,492.72M,2014-03,AOR,Restated
2013-12,324.71M,324.71M,167.36M,157.35M,106.61M,106.61M,,,0.112M,,116.44M,40.91M,,0.112M,,0.112M,41.19M,13.23M,27.96M,,,27.96M,27.96M,50.74M,9.566M,2013-12,0.0563,,,0.0563,2013-12,0.0563,,,0.0563,2013-12,492.31M,492.31M,2013-12,AOR,Restated
2013-09,362.16M,362.16M,181.14M,181.02M,113.03M,113.03M,,,0.101M,,123.10M,57.92M,,0.101M,,0.101M,58.02M,21.82M,36.20M,,,36.20M,36.20M,67.99M,10.08M,2013-09,0.0741,,,0.0741,2013-09,0.0741,,,0.0741,2013-09,492.77M,492.77M,2013-09,AOR,Restated
2013-06,350.80M,350.80M,174.36M,176.44M,109.52M,109.52M,,,0.127M,,119.29M,57.15M,,0.127M,,0.127M,57.28M,21.28M,35.99M,,,35.99M,35.99M,66.92M,9.768M,2013-06,0.0741,,,0.0741,2013-06,0.0741,,,0.0741,2013-06,493.46M,493.46M,2013-06,AOR,Restated
2013-03,299.71M,299.71M,155.61M,144.11M,99.13M,99.13M,,,0.045M,,109.03M,35.08M,,0.045M,,0.045M,35.12M,11.95M,23.18M,,,23.18M,23.18M,44.97M,9.894M,2013-03,0.0474,,,0.0474,2013-03,0.0474,,,0.0474,2013-03,493.55M,493.55M,2013-03,AOR,Restated
2012-12,306.39M,306.39M,163.02M,143.37M,99.08M,99.08M,,,0.076M,,108.89M,34.48M,,0.076M,,0.076M,35.03M,12.11M,22.91M,,,22.91M,22.91M,44.29M,9.229M,2012-12,0.0474,,,0.0474,2012-12,0.0474,,,0.0474,2012-12,492.84M,492.84M,2012-12,AOR,Restated
2012-09,340.18M,340.18M,170.48M,169.70M,108.52M,108.52M,,,-0.019M,,117.98M,51.72M,,-0.019M,,-0.019M,51.70M,19.49M,32.21M,,,32.21M,32.21M,61.18M,9.465M,2012-09,0.0652,,,0.0652,2012-09,0.0652,,,0.0652,2012-09,492.95M,492.96M,2012-09,AOR,Restated
2012-06,334.87M,334.87M,165.99M,168.88M,106.07M,106.07M,,,-0.02M,,115.68M,53.20M,,-0.02M,,-0.02M,53.18M,20.05M,33.13M,,,33.13M,33.13M,62.81M,9.613M,2012-06,0.0681,,,0.0681,2012-06,0.0681,,,0.0681,2012-06,494.16M,494.19M,2012-06,AOR,Restated
2012-03,289.46M,289.46M,148.08M,141.38M,94.82M,94.82M,,,-0.051M,,104.59M,36.79M,,-0.051M,,-0.051M,36.74M,13.66M,23.08M,,,23.08M,23.08M,46.56M,9.767M,2012-03,0.0474,,,0.0474,2012-03,0.0474,,,0.0474,2012-03,495.10M,495.16M,2012-03,AOR,Restated
2011-12,289.06M,289.06M,151.20M,137.85M,,93.06M,,,-0.059M,,102.74M,35.12M,,-0.059M,,-0.059M,34.65M,13.06M,21.60M,,,21.60M,21.60M,44.80M,9.678M,2011-12,0.0444,,,0.0444,2011-12,0.0444,,,0.0444,2011-12,493.66M,493.77M,2011-12,AOR,Restated
2011-09,323.93M,323.93M,165.10M,158.83M,,102.40M,,0.079M,-0.079M,,111.73M,47.10M,0.079M,-0.079M,,-0.079M,47.02M,17.60M,29.42M,,,29.42M,29.42M,56.44M,9.337M,2011-09,0.0593,0.00,,0.0593,2011-09,0.0593,0.00,,0.0593,2011-09,494.60M,494.81M,2011-09,AOR,Restated
2011-06,320.44M,320.44M,159.64M,160.79M,,101.76M,,0.178M,-0.178M,,111.04M,49.75M,0.178M,-0.178M,,-0.178M,49.57M,18.51M,31.06M,,,31.06M,31.06M,59.03M,9.288M,2011-06,0.0622,0.00,,0.0622,2011-06,0.0622,0.00,,0.0622,2011-06,496.95M,497.18M,2011-06,AOR,Restated
2011-03,271.64M,271.64M,140.90M,130.74M,,91.50M,,,-0.192M,,100.70M,30.05M,,-0.192M,,-0.192M,29.86M,11.22M,18.64M,,,18.64M,18.64M,39.25M,9.20M,2011-03,0.0385,0.00,,0.0385,2011-03,0.0385,0.00,,0.0385,2011-03,497.72M,498.05M,2011-03,AOR,Restated
2010-12,279.93M,279.93M,147.62M,132.31M,,92.50M,,,-0.172M,,101.87M,30.44M,,-0.172M,,-0.172M,30.14M,10.94M,19.21M,,,19.21M,19.21M,39.80M,9.365M,2010-12,0.0385,,,0.0385,2010-12,0.0385,,,0.0385,2010-12,496.72M,497.12M,2010-12,AOR,Restated
2010-09,305.12M,305.12M,156.06M,149.05M,,98.91M,,0.10M,-0.10M,,107.98M,41.07M,0.10M,-0.10M,,-0.10M,40.97M,15.46M,25.51M,,,25.51M,25.51M,50.14M,9.076M,2010-09,0.0504,0.00,,0.0504,2010-09,0.0504,0.00,,0.0504,2010-09,498.09M,498.68M,2010-09,AOR,Restated
2010-06,298.80M,298.80M,148.43M,150.38M,,96.96M,,,-0.066M,,105.93M,44.44M,,-0.066M,,-0.066M,44.38M,16.68M,27.70M,,,27.70M,27.70M,53.41M,8.967M,2010-06,0.0563,0.00,,0.0563,2010-06,0.0563,0.00,,0.0563,2010-06,501.41M,502.19M,2010-06,AOR,Restated
2010-03,253.04M,253.04M,130.98M,122.07M,,84.92M,,0.099M,-0.099M,,93.92M,28.15M,0.099M,-0.099M,,-0.099M,28.05M,10.47M,17.58M,,,17.58M,17.58M,37.15M,9.00M,2010-03,0.0356,0.00,,0.0356,2010-03,0.0356,0.00,,0.0356,2010-03,502.23M,503.18M,2010-03,AOR,Restated
2009-12,259.57M,259.57M,136.56M,123.00M,,88.56M,,,-0.118M,,97.60M,25.40M,,-0.118M,,-0.118M,22.34M,2.383M,19.96M,,,19.96M,19.96M,31.51M,9.045M,2009-12,0.0395,0.00,,0.0395,2009-12,0.0395,0.00,,0.0395,2009-12,501.00M,502.33M,2009-12,AOR,Restated
2009-09,286.85M,286.85M,147.44M,139.42M,,93.23M,,,-0.159M,0.03M,102.58M,36.83M,,-0.159M,,-0.159M,36.67M,13.94M,22.73M,,,22.73M,22.73M,46.15M,9.321M,2009-09,0.0454,0.00,,0.0454,2009-09,0.0454,0.00,,0.0454,2009-09,501.82M,503.35M,2009-09,AOR,Restated
2009-06,284.57M,284.57M,141.63M,142.93M,,91.81M,,,-0.259M,-0.018M,101.16M,41.77M,,-0.259M,,-0.259M,41.51M,16.03M,25.48M,,,25.48M,25.48M,51.15M,9.374M,2009-06,0.0514,0.00,,0.0514,2009-06,0.0514,0.00,,0.0514,2009-06,504.13M,505.69M,2009-06,AOR,Restated
2009-03,242.97M,242.97M,125.37M,117.60M,,81.99M,,0.428M,-0.428M,-0.005M,91.41M,26.19M,0.428M,-0.428M,,-0.428M,25.76M,9.953M,15.81M,,,15.81M,15.81M,35.62M,9.429M,2009-03,0.0316,0.00,,0.0316,2009-03,0.0316,0.00,,0.0316,2009-03,507.02M,508.62M,2009-03,AOR,Restated
2008-12,248.08M,248.08M,133.05M,115.03M,,84.12M,-0.023M,,,,93.22M,21.81M,,,-0.023M,,20.87M,8.321M,12.55M,,,12.55M,12.57M,31.07M,9.096M,2008-12,0.0237,0.00,,0.0237,2008-12,0.0237,0.00,,0.0237,2008-12,532.68M,532.68M,2008-12,AOR,Restated
2008-09,277.91M,277.91M,145.42M,132.50M,,91.44M,0.154M,,,,100.47M,32.02M,,,0.154M,,32.00M,12.20M,19.80M,,,19.80M,19.71M,41.06M,9.031M,2008-09,0.0395,0.00,,0.0393,2008-09,0.0395,0.00,,0.0393,2008-09,502.37M,506.74M,2008-09,,
2008-06,284.50M,284.50M,146.08M,138.42M,,92.03M,0.014M,,,,100.72M,37.71M,,,0.014M,,37.33M,14.59M,22.74M,,,22.74M,22.73M,46.39M,8.685M,2008-06,0.0454,0.00,,0.0454,2008-06,0.0454,0.00,,0.0454,2008-06,503.06M,507.12M,2008-06,,
2008-03,210.08M,210.08M,110.36M,99.72M,,70.76M,0.021M,,,,77.39M,22.33M,,,0.021M,,22.75M,8.907M,13.84M,,,13.84M,13.83M,28.96M,6.631M,2008-03,0.0277,0.00,,0.0276,2008-03,0.0277,0.00,,0.0276,2008-03,503.15M,508.28M,2008-03,,
2007-12,215.95M,215.95M,117.20M,98.76M,,74.63M,-0.061M,,,,81.22M,17.54M,,,-0.061M,,18.22M,6.29M,11.93M,,,11.93M,11.97M,24.12M,6.586M,2007-12,0.0244,0.00,,0.0244,2007-12,0.0237,0.00,,0.0238,2007-12,505.49M,511.54M,2007-12,,
2007-09,238.12M,238.12M,123.03M,115.09M,,78.15M,0.017M,,,,85.04M,30.05M,,,0.017M,,30.53M,11.77M,18.76M,,,18.76M,18.75M,36.93M,6.885M,2007-09,0.0369,0.00,,0.0369,2007-09,0.0369,0.00,,0.0369,2007-09,505.80M,511.20M,2007-09,,
2007-06,239.62M,239.62M,121.60M,118.02M,,76.79M,0.089M,,,,83.70M,34.32M,,,0.089M,,34.93M,13.69M,21.24M,,,21.24M,21.18M,41.23M,6.911M,2007-06,0.0421,0.00,,0.0420,2007-06,0.0408,0.00,,0.0407,2007-06,508.61M,513.91M,2007-06,,
2007-03,201.23M,201.23M,106.84M,94.40M,,67.04M,0.007M,,,,73.73M,20.67M,,,0.007M,,21.23M,8.435M,12.79M,,,12.79M,12.79M,27.36M,6.686M,2007-03,0.0257,0.00,,0.0257,2007-03,0.0257,0.00,,0.0257,2007-03,511.22M,521.91M,2007-03,,
2006-12,204.65M,204.65M,112.61M,92.04M,,69.24M,0.066M,,,,75.70M,16.34M,,,0.066M,,16.95M,6.407M,10.54M,,,10.54M,10.50M,22.80M,6.46M,2006-12,0.0211,0.00,,0.0210,2006-12,0.0198,0.00,,0.0197,2006-12,509.60M,521.89M,2006-12,,
2006-09,227.82M,227.82M,119.21M,108.61M,,74.47M,0.017M,,,,81.13M,27.48M,,,0.017M,,27.82M,10.79M,17.04M,,,17.04M,17.03M,34.14M,6.662M,2006-09,0.0329,0.00,,0.0329,2006-09,0.0329,0.00,,0.0329,2006-09,509.30M,521.69M,2006-09,,
2006-06,232.22M,232.22M,119.04M,113.19M,,74.37M,-0.002M,,,,81.31M,31.87M,,,-0.002M,,32.22M,12.89M,19.33M,,,19.33M,19.33M,38.82M,6.945M,2006-06,0.0382,0.00,,0.0382,2006-06,0.0369,0.00,,0.0369,2006-06,513.00M,525.81M,2006-06,,
2006-03,194.19M,194.19M,107.01M,87.17M,,62.50M,,,,,69.29M,17.88M,,,,,18.17M,7.269M,10.90M,,,10.90M,10.90M,24.67M,6.793M,2006-03,0.0211,0.00,,0.0211,2006-03,0.0211,0.00,,0.0211,2006-03,513.91M,528.40M,2006-03,,
2005-12,194.83M,194.83M,121.53M,73.30M,,55.93M,0.438M,,,,62.40M,10.90M,,,0.438M,,11.62M,4.264M,7.352M,,,7.352M,7.075M,17.37M,6.472M,2005-12,0.0145,0.00,,0.0139,2005-12,0.0145,0.00,,0.0140,2005-12,513.30M,523.59M,2005-12,,
2005-09,209.35M,209.35M,106.40M,102.95M,,72.26M,,,,,78.06M,24.89M,,,,,25.38M,10.28M,15.10M,,,15.10M,15.10M,30.69M,5.80M,2005-09,0.0290,0.00,,0.0290,2005-09,0.0290,0.00,,0.0290,2005-09,517.26M,531.88M,2005-09,,
2005-06,214.33M,214.33M,114.29M,100.03M,,67.59M,4.722M,,,,73.64M,26.39M,,,4.722M,,31.47M,12.74M,18.72M,,,18.72M,15.89M,32.44M,6.045M,2005-06,0.0369,0.00,,0.0314,2005-06,0.0356,0.00,,0.0302,2005-06,515.90M,531.78M,2005-06,,
2005-03,183.92M,183.92M,100.25M,83.67M,,58.67M,-0.003M,,,,64.63M,19.03M,,,-0.003M,,19.49M,7.896M,11.60M,,,11.60M,11.60M,25.00M,5.963M,2005-03,0.0224,0.00,,0.0224,2005-03,0.0224,0.00,,0.0224,2005-03,515.93M,532.04M,2005-03,,
2004-12,183.82M,183.82M,99.75M,84.07M,,65.48M,10.26M,,,,71.85M,12.22M,,,10.26M,,22.59M,8.721M,13.87M,,0.00,13.87M,7.571M,18.59M,6.364M,2004-12,0.0270,0.00,0.00,0.0151,2004-12,0.0257,0.00,0.0001,0.0143,2004-12,529.38M,553.99M,2004-12,,
2004-09,203.92M,203.92M,105.04M,98.89M,,70.08M,0.315M,,,,76.33M,22.56M,,,0.315M,,22.94M,9.311M,13.63M,,,13.63M,13.44M,28.81M,6.249M,2004-09,0.0263,0.00,,0.0260,2004-09,0.0250,0.00,,0.0247,2004-09,518.08M,533.06M,2004-09,,
2004-06,207.70M,207.70M,105.44M,102.26M,,69.16M,14.14M,,,,74.92M,27.34M,,,14.14M,,41.53M,17.72M,23.81M,,,23.81M,15.32M,33.10M,5.764M,2004-06,0.0457,0.00,,0.0293,2004-06,0.0448,0.00,,0.0288,2004-06,518.87M,532.55M,2004-06,,
2004-03,160.42M,160.42M,86.54M,73.87M,,52.77M,-0.001M,,,,57.42M,16.45M,,,-0.001M,,16.60M,6.732M,9.866M,,-6.204M,3.662M,9.867M,21.11M,4.657M,2004-03,0.0198,-0.0119,0.00,0.0198,2004-03,0.0184,-0.0119,-0.0120,0.0184,2004-03,515.97M,531.29M,2004-03,,
2003-12,158.52M,158.52M,86.71M,71.82M,,58.61M,,,,,63.53M,8.281M,,,,,10.13M,5.308M,4.825M,,,4.825M,4.825M,13.20M,4.921M,2003-12,0.0092,0.00,,0.0092,2003-12,0.0083,0.00,,0.0083,2003-12,514.06M,527.55M,2003-12,,
2003-09,178.26M,178.26M,96.08M,82.18M,,61.43M,,,,,66.49M,15.69M,,,,,15.81M,6.006M,9.80M,,,9.80M,9.80M,20.75M,5.065M,2003-09,0.0193,0.00,,0.0193,2003-09,0.0184,0.00,,0.0184,2003-09,513.89M,523.90M,2003-09,,
2003-06,185.10M,185.10M,95.55M,89.56M,,62.25M,,,,,67.29M,22.26M,,,,,22.36M,8.497M,13.86M,,,13.86M,13.86M,27.30M,5.037M,2003-06,0.0272,0.00,,0.0272,2003-06,0.0263,0.00,,0.0263,2003-06,513.91M,528.57M,2003-06,,
2003-03,155.12M,155.12M,84.08M,71.04M,,54.22M,,,,,59.38M,11.67M,,,,,11.73M,4.458M,7.274M,,,7.274M,7.274M,16.82M,5.156M,2003-03,0.0140,0.00,,0.0140,2003-03,0.0138,0.00,,0.0138,2003-03,511.58M,525.23M,2003-03,,
2002-12,153.87M,153.87M,86.07M,67.80M,,56.53M,,,,,61.86M,5.938M,,,,,6.009M,2.284M,3.725M,,,3.725M,3.725M,11.28M,5.337M,2002-12,0.0070,0.00,,0.0070,2002-12,0.0070,0.00,,0.0070,2002-12,510.08M,518.16M,2002-12,,
2002-09,174.06M,174.06M,94.40M,79.66M,,63.48M,,,,,68.90M,10.76M,,,,,10.89M,4.139M,6.754M,,,6.754M,6.754M,16.18M,5.425M,2002-09,0.0132,0.00,,0.0132,2002-09,0.0132,0.00,,0.0132,2002-09,511.27M,513.92M,2002-09,,
2002-06,184.19M,184.19M,97.20M,86.98M,,62.72M,,,,,68.17M,18.82M,,,,,18.86M,7.166M,11.69M,,,11.69M,11.69M,24.26M,5.446M,2002-06,0.0229,0.00,,0.0229,2002-06,0.0229,0.00,,0.0229,2002-06,514.40M,517.98M,2002-06,,
2002-03,153.30M,153.30M,84.02M,69.28M,,55.84M,,,,,61.26M,8.016M,,,,,7.967M,3.027M,4.94M,,,4.94M,4.94M,13.44M,5.427M,2002-03,0.0094,0.00,,0.0094,2002-03,0.0094,0.00,,0.0094,2002-03,514.29M,517.63M,2002-03,,
2001-12,150.16M,150.16M,84.21M,65.95M,,58.28M,,,,,63.54M,2.407M,,,,,2.605M,0.99M,1.615M,,,1.615M,1.615M,7.666M,5.259M,2001-12,0.0026,0.00,,0.0026,2001-12,0.0026,0.00,,0.0026,2001-12,513.74M,515.29M,2001-12,,
2001-09,169.81M,169.81M,95.12M,74.69M,,62.66M,,,,,67.80M,6.884M,,,,,6.884M,2.616M,4.268M,,,4.268M,4.268M,12.02M,5.14M,2001-09,0.0082,0.00,,0.0082,2001-09,0.0082,0.00,,0.0082,2001-09,515.59M,517.94M,2001-09,,
2001-06,181.35M,181.35M,98.72M,82.63M,,63.31M,,,,,68.05M,14.58M,,,,,14.58M,5.539M,9.038M,,,9.038M,9.038M,19.32M,4.744M,2001-06,0.0176,0.00,,0.0176,2001-06,0.0174,0.00,,0.0174,2001-06,515.64M,518.04M,2001-06,,
2001-03,150.97M,150.97M,86.27M,64.70M,,56.34M,,,,,61.49M,3.212M,,,,,3.26M,1.239M,2.021M,,,2.021M,2.021M,8.361M,5.149M,2001-03,0.0041,0.00,,0.0041,2001-03,0.0041,0.00,,0.0041,2001-03,513.67M,516.39M,2001-03,,
2000-12,147.11M,147.11M,88.43M,58.68M,,56.78M,,,,,61.65M,-2.968M,,,,,-2.756M,-1.047M,-1.709M,,,-1.709M,-1.709M,1.905M,4.873M,2000-12,-0.0038,0.00,,-0.0038,2000-12,-0.0038,0.00,,-0.0038,2000-12,515.02M,515.02M,2000-12,,
2000-09,172.37M,172.37M,99.95M,72.42M,,63.95M,,,,,68.63M,3.797M,,,,,3.811M,1.448M,2.363M,,,2.363M,2.363M,8.474M,4.677M,2000-09,0.0047,0.00,,0.0047,2000-09,0.0046,0.00,,0.0046,2000-09,513.20M,513.26M,2000-09,,
2000-06,180.53M,180.53M,99.13M,81.40M,,63.73M,,,,,68.33M,13.07M,,,,,13.07M,4.965M,8.102M,,,8.102M,8.102M,17.67M,4.604M,2000-06,0.0158,0.00,,0.0158,2000-06,0.0158,0.00,,0.0158,2000-06,512.31M,512.33M,2000-06,,
2000-03,149.55M,149.55M,87.00M,62.55M,,57.03M,,,,,61.30M,1.252M,,,,,1.281M,0.487M,0.794M,,,0.794M,0.794M,5.519M,4.267M,2000-03,0.0018,0.00,,0.0018,2000-03,0.0016,0.00,,0.0016,2000-03,511.45M,511.51M,2000-03,,
1999-12,140.30M,140.30M,85.80M,54.50M,,54.40M,,,,,58.20M,-3.70M,,,,,-3.70M,-1.40M,-2.30M,,,-2.30M,-2.30M,0.10M,3.80M,1999-12,-0.0041,0.00,,-0.0041,1999-12,-0.0041,0.00,,-0.0041,1999-12,481.87M,481.87M,1999-12,,
1999-09,154.10M,154.10M,89.20M,64.90M,,60.10M,,,,,63.50M,1.40M,,,,,2.30M,0.90M,1.40M,,,1.40M,1.40M,4.80M,3.40M,1999-09,0.0029,0.00,,0.0029,1999-09,0.0029,0.00,,0.0029,1999-09,477.69M,477.69M,1999-09,,
1999-06,162.34M,162.34M,89.10M,73.24M,,58.20M,,,,,62.00M,11.24M,,,,,12.30M,4.70M,7.60M,,,7.60M,7.60M,15.04M,3.80M,1999-06,0.0147,0.00,,0.0147,1999-06,0.0147,0.00,,0.0147,1999-06,518.64M,518.64M,1999-06,,
1999-03,129.89M,129.89M,76.90M,52.99M,,51.00M,1.10M,,,,53.40M,-0.414M,,,1.10M,,0.80M,0.30M,0.50M,,,0.50M,-0.1875M,1.986M,2.40M,1999-03,0.0012,0.00,,-0.0029,1999-03,0.0012,0.00,,-0.0029,1999-03,168.43M,168.50M,1999-03,,
1998-12,126.60M,126.60M,78.50M,48.10M,,52.10M,1.70M,,,,54.50M,-6.40M,,,1.70M,,-4.60M,-1.80M,-2.80M,,,0.60M,-3.835M,-4.00M,2.40M,1998-12,-0.0024,0.0097,,-0.0043,1998-12,-0.0024,0.0097,,-0.0043,1998-12,538.75M,538.75M,1998-12,,
1998-09,144.50M,144.50M,85.60M,58.90M,,57.50M,2.20M,,,,59.70M,-0.80M,,,2.20M,,1.40M,0.50M,0.90M,,,0.90M,-0.5143M,1.40M,2.20M,1998-09,0.0018,0.00,,-0.0010,1998-09,0.0018,0.00,,-0.0010,1998-09,511.82M,511.82M,1998-09,,
1998-06,155.10M,155.10M,86.70M,68.40M,,57.40M,2.40M,,,,59.60M,8.80M,,,2.40M,,11.10M,4.20M,6.90M,,,6.90M,5.408M,11.00M,2.20M,1998-06,0.0123,0.00,,0.0096,1998-06,0.0123,0.00,,0.0096,1998-06,560.55M,560.55M,1998-06,,
