,OperatingRevenue,Revenue,CostofGoodsSold,GrossProfit,SG&AExpense,InvestmentWriteOff,SpecialIncomeandCharges,OperatingInterestExpense,OperatingInterestIncome,NetOperatingInterestIncome,OtherOperatingExpenses,TotalOperatingExpenses,OperatingIncome,Non-OperatingInterestIncome,Non-OperatingInterestExpense,NetNon-OperatingInterestIncomeExpense,OtherIncomeandExpenses,NetInterestIncome,Pre-TaxIncome,ProvisionforIncomeTaxes,IncomefromContinuingOperations,IncomefromDiscontinuedOperations,"ExtraordinaryItems,IncomeStatement",IncomeAttributabletoMinorityInterest,PreferredStockDividend,EBITDA,ReconciledDepreciation,EBIT,,BasicEPS(Quarterly),EPSBasicfromExtraordinaries,EPSBasicfromTaxLossCarryforward,NormalizedBasicEPS,EPSBasic,,EPSDilutedfromDiscontinuedOperations,EPSDilutedfromExtraordinaries,EPSDilutedfromTaxLossCarryforward,,SharesData(Quarterly),AverageBasicSharesOutstanding,AverageDilutedSharesOutstanding,DividendPerShare,,SECFilingLinks,AsOriginallyReported,Restated
2020-09,3.019B,3.019B,1.770B,1.249B,802.60M,,-35.00M,139.00M,4.20M,-134.80M,,802.60M,446.40M,4.20M,139.00M,-134.80M,-19.90M,-134.80M,291.70M,42.40M,249.30M,0.00,,-3.10M,,639.70M,209.00M,430.70M,,2020-09,,,0.9675,0.8626,,0.00,,,,2020-09,285.40M,288.40M,0.47,,2020-09,AOR,
2020-06,2.686B,2.686B,1.636B,1.05B,788.60M,,-69.40M,61.80M,3.10M,-58.70M,,788.60M,261.40M,3.10M,61.80M,-58.70M,-54.30M,-58.70M,148.40M,14.10M,134.30M,-2.164B,,-5.40M,,356.80M,146.60M,210.20M,,2020-06,,,0.6679,-7.06,,-7.51,,,,2020-06,288.20M,291.50M,0.47,,2020-06,AOR,
2020-03,3.581B,3.581B,2.117B,1.465B,1.015B,,-52.40M,52.70M,4.60M,-48.10M,,1.015B,449.60M,4.60M,52.70M,-48.10M,-37.20M,-48.10M,364.30M,74.10M,290.20M,,,-6.80M,,666.60M,249.60M,417.00M,,2020-03,,,1.125,0.98,,,,,,2020-03,288.80M,292.60M,0.47,,2020-03,AOR,
2019-12,5.588B,5.588B,3.487B,2.102B,1.292B,,-122.80M,51.90M,5.30M,-46.60M,,1.292B,809.60M,5.30M,51.90M,-46.60M,-109.40M,-46.60M,653.60M,120.60M,533.00M,,,-5.00M,,1.100B,394.30M,705.50M,,2019-12,,,1.837,1.49,,,,,,2019-12,288.40M,292.50M,0.47,,2019-12,AOR,
2019-09,3.224B,3.224B,1.781B,1.443B,869.20M,,-24.90M,52.90M,6.80M,-46.10M,,869.20M,573.90M,6.80M,52.90M,-46.10M,-4.10M,-46.10M,523.70M,83.40M,440.30M,28.30M,,-4.40M,,770.90M,194.30M,576.60M,,2019-09,,,1.586,1.611,,0.0967,,,,2019-09,288.10M,292.80M,0.46,,2019-09,AOR,Restated
2019-06,3.169B,3.169B,1.780B,1.389B,900.00M,,-24.40M,54.50M,5.30M,-49.20M,,900.00M,488.80M,5.30M,54.50M,-49.20M,-3.50M,-49.20M,436.10M,88.80M,347.30M,25.20M,,-3.90M,,636.50M,145.90M,490.60M,,2019-06,,,1.258,1.28,,0.08,,,,2019-06,287.60M,292.10M,0.46,,2019-06,AOR,Restated
2019-03,3.505B,3.505B,2.090B,1.416B,1.008B,,-40.30M,56.10M,6.70M,-49.40M,,1.008B,407.50M,6.70M,56.10M,-49.40M,-19.10M,-49.40M,339.00M,38.60M,300.40M,,,-3.90M,,633.90M,238.80M,395.10M,,2019-03,,,1.154,1.03,,,,,,2019-03,288.20M,292.30M,0.46,,2019-03,AOR,Restated
2018-12,3.760B,3.760B,2.217B,1.544B,948.80M,,-13.00M,57.70M,3.80M,-53.90M,,948.80M,594.90M,3.80M,57.70M,-53.90M,6.90M,-53.90M,547.90M,147.70M,400.20M,,,-5.10M,,843.50M,237.90M,605.60M,,2018-12,,,1.403,1.37,,,,,,2018-12,288.00M,291.90M,0.46,,2018-12,AOR,Restated
2018-09,3.747B,3.747B,2.191B,1.556B,964.70M,,-75.60M,58.30M,2.60M,-55.70M,,964.70M,591.80M,2.60M,58.30M,-55.70M,-54.60M,-55.70M,481.50M,43.20M,438.30M,,,-2.90M,,774.40M,234.60M,539.80M,,2018-09,,,1.748,1.51,,,,,,2018-09,288.80M,293.40M,0.41,,2018-09,AOR,Restated
2018-06,3.690B,3.690B,2.146B,1.544B,1.037B,,-12.10M,60.20M,3.90M,-56.30M,,1.037B,506.70M,3.90M,60.20M,-56.30M,7.50M,-56.30M,457.90M,104.30M,353.60M,,,-2.30M,,752.80M,234.70M,518.10M,,2018-06,,,1.252,1.22,,,,,,2018-06,288.80M,293.30M,0.41,,2018-06,AOR,Restated
2018-03,3.471B,3.471B,2.072B,1.399B,1.018B,,-26.00M,61.00M,4.60M,-56.40M,,1.018B,380.30M,4.60M,61.00M,-56.40M,-6.60M,-56.40M,317.30M,69.10M,248.20M,,,-0.90M,,609.40M,231.10M,378.30M,,2018-03,,,0.9304,0.86,,,,,,2018-03,288.60M,292.70M,0.41,,2018-03,AOR,Restated
2017-12,3.649B,3.649B,2.102B,1.547B,989.00M,,48.60M,83.60M,5.80M,-77.80M,,989.00M,557.60M,5.80M,83.60M,-77.80M,68.40M,-77.80M,548.20M,-20.20M,568.40M,,,-5.80M,,859.60M,227.80M,631.80M,,2017-12,,,1.853,1.96,,,,,,2017-12,289.00M,293.40M,0.41,,2017-12,AOR,Restated
2017-09,3.564B,3.564B,2.065B,1.500B,930.90M,,-8.10M,60.70M,5.60M,-55.10M,,930.90M,569.00M,5.60M,60.70M,-55.10M,12.00M,-55.10M,525.90M,129.30M,396.60M,,,-3.40M,,814.90M,228.30M,586.60M,,2017-09,,,1.373,1.36,,,,,,2017-09,289.00M,293.40M,0.37,,2017-09,AOR,Restated
2017-06,3.46B,3.46B,2.045B,1.415B,958.20M,,-42.10M,63.70M,4.10M,-59.60M,,958.20M,456.40M,4.10M,63.70M,-59.60M,-20.00M,-59.60M,376.80M,80.50M,296.30M,,,-1.50M,,661.70M,221.20M,440.50M,,2017-06,,,1.120,1.02,,,,,,2017-06,289.80M,294.10M,0.37,,2017-06,AOR,Restated
2017-03,3.162B,3.162B,1.852B,1.311B,947.20M,,-6.20M,66.60M,4.10M,-62.50M,,947.20M,363.40M,4.10M,66.60M,-62.50M,10.60M,-62.50M,311.50M,54.20M,257.30M,,,-3.30M,,594.10M,216.00M,378.10M,,2017-03,,,0.8876,0.87,,,,,,2017-03,290.60M,295.00M,0.37,,2017-03,AOR,Restated
2016-12,3.351B,3.351B,2.380B,971.00M,455.10M,1.60M,-3.80M,76.00M,7.70M,-68.30M,,455.10M,515.90M,7.70M,76.00M,-68.30M,40.00M,-68.30M,487.60M,116.20M,371.40M,,,-5.70M,,776.20M,212.60M,563.60M,,2016-12,,,1.270,1.26,,,,,,2016-12,291.60M,295.50M,0.37,,2016-12,AOR,Restated
2016-09,3.386B,3.386B,1.737B,1.649B,1.072B,0.00,-3.20M,69.00M,4.10M,-64.90M,,1.072B,577.30M,4.10M,69.00M,-64.90M,-3.20M,-64.90M,509.20M,129.70M,379.50M,,,-5.40M,,795.00M,216.80M,578.20M,,2016-09,,,1.288,1.28,,,,,,2016-09,291.60M,295.70M,0.35,,2016-09,AOR,Restated
2016-06,3.317B,3.317B,1.785B,1.532B,1.093B,12.60M,-34.00M,71.50M,6.20M,-65.30M,,1.093B,438.70M,6.20M,71.50M,-65.30M,-26.20M,-65.30M,347.20M,83.60M,263.60M,,,-5.20M,,627.80M,209.10M,418.70M,,2016-06,,,0.9480,0.88,,,,,,2016-06,292.40M,296.50M,0.35,,2016-06,AOR,Restated
2016-03,3.097B,3.097B,1.631B,1.466B,1.088B,,-6.30M,68.90M,2.80M,-66.10M,,1.088B,377.80M,2.80M,68.90M,-66.10M,-6.30M,-66.10M,305.40M,73.40M,232.00M,,,-1.20M,,586.50M,212.20M,374.30M,,2016-03,,,0.7963,0.78,,,,,,2016-03,294.40M,298.30M,0.35,,2016-03,AOR,Restated
2015-12,3.412B,3.412B,1.832B,1.580B,1.059B,0.00,-75.40M,63.40M,1.10M,-62.30M,,1.059B,521.50M,1.10M,63.40M,-62.30M,-198.70M,-62.30M,260.50M,37.60M,222.90M,,,-14.00M,,536.30M,212.40M,323.90M,,2015-12,,,1.284,0.71,,,,,,2015-12,296.10M,301.10M,0.35,,2015-12,AOR,Restated
2015-09,3.446B,3.446B,1.82B,1.626B,1.071B,0.00,-30.80M,61.60M,4.00M,-57.60M,,1.071B,555.70M,4.00M,61.60M,-57.60M,-142.70M,-57.60M,355.40M,105.30M,250.10M,,,7.70M,,628.40M,211.40M,417.00M,,2015-09,,,1.210,0.87,,,,,,2015-09,295.20M,300.00M,0.33,,2015-09,AOR,Restated
2015-06,3.389B,3.389B,1.806B,1.583B,1.079B,0.00,-44.80M,63.50M,2.30M,-61.20M,,1.079B,503.40M,2.30M,63.50M,-61.20M,-65.60M,-61.20M,376.60M,67.80M,308.80M,,,-6.80M,,658.60M,218.50M,440.10M,,2015-06,,,1.202,1.02,,,,,,2015-06,296.20M,301.10M,0.33,,2015-06,AOR,Restated
2015-03,3.298B,3.298B,1.765B,1.532B,1.137B,,-7.80M,65.20M,2.70M,-62.50M,,1.137B,395.50M,2.70M,65.20M,-62.50M,-7.80M,-62.50M,325.20M,89.80M,235.40M,,,-2.00M,,607.60M,217.20M,390.40M,,2015-03,,,0.7989,0.78,,,,,,2015-03,298.20M,303.20M,0.33,,2015-03,AOR,Restated
2014-12,3.681B,3.681B,1.980B,1.701B,1.142B,,-38.30M,66.00M,4.00M,-62.00M,,1.142B,558.80M,4.00M,66.00M,-62.00M,-38.30M,-62.00M,458.50M,115.20M,343.30M,,,-7.80M,,742.50M,218.00M,524.50M,,2014-12,,,1.216,1.12,,,,,,2014-12,300.10M,305.60M,0.33,,2014-12,AOR,Restated
2014-09,3.695B,3.695B,1.971B,1.724B,1.146B,,-7.00M,66.10M,2.80M,-63.30M,,1.146B,578.40M,2.80M,66.10M,-63.30M,-7.00M,-63.30M,508.10M,138.70M,369.40M,,,-4.50M,,792.80M,218.60M,574.20M,,2014-09,,,1.237,1.22,,,,,,2014-09,300.00M,305.70M,0.275,,2014-09,AOR,Restated
2014-06,3.568B,3.568B,1.909B,1.659B,1.153B,,6.10M,68.60M,2.40M,-66.20M,,1.153B,506.10M,2.40M,68.60M,-66.20M,6.10M,-66.20M,446.00M,131.00M,315.00M,,,-3.60M,,733.20M,218.60M,514.60M,,2014-06,,,1.026,1.04,,,,,,2014-06,299.60M,305.20M,0.275,,2014-06,AOR,Restated
2014-03,3.337B,3.337B,1.819B,1.517B,1.137B,,-29.60M,67.30M,2.20M,-65.10M,,1.137B,380.50M,2.20M,67.30M,-65.10M,-29.60M,-65.10M,285.80M,91.30M,194.50M,,,-3.50M,,569.90M,216.80M,353.10M,,2014-03,,,0.7071,0.64,,,,,,2014-03,300.60M,306.50M,0.275,,2014-03,AOR,Restated
2013-12,3.560B,3.560B,1.945B,1.614B,1.124B,,-20.30M,69.80M,2.20M,-67.60M,,1.124B,490.80M,2.20M,69.80M,-67.60M,-20.20M,-67.60M,403.00M,113.40M,289.60M,,,-2.50M,,687.20M,214.40M,472.80M,,2013-12,,,0.9982,0.95,,,,,,2013-12,301.40M,307.70M,0.275,,2013-12,AOR,Restated
2013-09,3.484B,3.484B,1.866B,1.618B,1.114B,,-27.90M,69.20M,2.20M,-67.00M,,1.114B,503.80M,2.20M,69.20M,-67.00M,-27.80M,-67.00M,409.00M,101.80M,307.20M,,,0.80M,,690.10M,211.90M,478.20M,,2013-09,,,1.089,1.02,,,,,,2013-09,301.20M,307.20M,0.23,,2013-09,AOR,Restated
2013-06,3.338B,3.338B,1.810B,1.528B,1.102B,,-73.60M,68.80M,2.60M,-66.20M,,1.102B,425.90M,2.60M,68.80M,-66.20M,-73.60M,-66.20M,286.10M,70.30M,215.80M,,,-2.70M,,559.50M,204.60M,354.90M,,2013-06,,,0.8941,0.71,,,,,,2013-06,301.50M,307.40M,0.23,,2013-06,AOR,Restated
2013-03,2.872B,2.872B,1.540B,1.332B,1.021B,,-26.30M,65.00M,3.50M,-61.50M,,1.021B,311.40M,3.50M,65.00M,-61.50M,-49.70M,-61.50M,200.20M,39.20M,161.00M,,,-1.40M,,450.50M,185.30M,265.20M,,2013-03,,,0.6753,0.54,,,,,,2013-03,295.40M,300.90M,0.23,,2013-03,AOR,Restated
2012-12,3.046B,3.046B,1.546B,1.500B,1.069B,,-34.70M,64.00M,1.50M,-62.50M,,1.069B,430.50M,1.50M,64.00M,-62.50M,-34.70M,-62.50M,333.30M,98.80M,234.50M,,,-3.10M,,578.20M,180.90M,397.30M,,2012-12,,,0.8730,0.79,,,,,,2012-12,294.00M,300.70M,0.23,,2012-12,AOR,Restated
2012-09,3.023B,3.023B,1.616B,1.407B,977.70M,,-28.00M,66.80M,2.60M,-64.20M,,977.70M,429.20M,2.60M,66.80M,-64.20M,-28.00M,-64.20M,337.00M,97.70M,239.30M,,,-1.30M,,581.80M,178.00M,403.80M,,2012-09,,,0.8775,0.81,,,,,,2012-09,292.70M,298.60M,0.20,,2012-09,AOR,Restated
2012-06,2.959B,2.959B,1.609B,1.350B,981.70M,,-41.60M,66.10M,2.20M,-63.90M,,981.70M,368.10M,2.20M,66.10M,-63.90M,-41.60M,-63.90M,262.60M,79.20M,183.40M,,,1.10M,,507.10M,178.40M,328.70M,,2012-06,,,0.7295,0.63,,,,,,2012-06,291.90M,298.20M,0.20,,2012-06,AOR,Restated
2012-03,2.811B,2.811B,1.614B,1.197B,989.70M,,-41.40M,88.70M,2.60M,-86.10M,,989.70M,207.20M,2.60M,88.70M,-86.10M,-41.40M,-86.10M,79.70M,35.60M,44.10M,,,5.60M,,345.60M,177.20M,168.40M,,2012-03,,,0.2623,0.17,,,,,,2012-03,291.50M,297.90M,0.20,,2012-03,AOR,Restated
2011-12,1.845B,1.845B,966.50M,878.80M,651.60M,,-63.00M,36.40M,2.00M,-34.40M,,651.60M,227.20M,2.00M,36.40M,-34.40M,-63.00M,-34.40M,129.80M,41.00M,88.80M,,,-0.10M,,316.60M,150.40M,166.20M,,2011-12,,,0.5109,0.34,,,,,,2011-12,252.20M,259.80M,0.20,,2011-12,AOR,Restated
2011-09,1.736B,1.736B,877.90M,858.20M,595.30M,,-23.30M,15.90M,2.70M,-13.20M,,595.30M,262.90M,2.70M,15.90M,-13.20M,-23.30M,-13.20M,226.40M,71.90M,154.50M,,,-0.20M,,325.20M,82.90M,242.30M,,2011-09,,,0.7385,0.67,,0.00,,,,2011-09,231.90M,236.10M,0.175,,2011-09,AOR,Restated
2011-06,1.699B,1.699B,860.80M,838.00M,609.60M,,-30.10M,14.80M,1.70M,-13.10M,,609.60M,228.40M,1.70M,14.80M,-13.10M,-30.10M,-13.10M,185.20M,59.00M,126.20M,,,-0.30M,,282.80M,82.80M,200.00M,,2011-06,,,0.6285,0.54,,0.00,,,,2011-06,231.60M,236.10M,0.175,,2011-06,AOR,Restated
2011-03,1.518B,1.518B,770.40M,747.90M,581.60M,,-14.60M,15.00M,1.50M,-13.50M,,581.60M,166.30M,1.50M,15.00M,-13.50M,-14.60M,-13.50M,138.20M,44.40M,93.80M,,,-0.20M,,232.80M,79.60M,153.20M,,2011-03,,,0.4427,0.40,,0.00,,,,2011-03,232.00M,235.90M,0.175,,2011-03,AOR,Restated
2010-12,1.576B,1.576B,783.70M,791.80M,579.70M,,-4.30M,16.90M,2.70M,-14.20M,,579.70M,212.10M,2.70M,16.90M,-14.20M,-8.50M,-14.20M,189.40M,57.80M,131.60M,,,-0.30M,,294.70M,88.40M,206.30M,,2010-12,,,0.5729,0.56,,,,,,2010-12,232.20M,236.40M,0.175,,2010-12,AOR,Restated
2010-09,1.562B,1.562B,763.40M,798.50M,558.50M,,5.10M,16.30M,1.40M,-14.90M,,558.50M,240.00M,1.40M,16.30M,-14.90M,5.10M,-14.90M,230.20M,55.90M,174.30M,,,-0.10M,,328.00M,81.50M,246.50M,,2010-09,,,0.7334,0.75,,0.00,,,,2010-09,232.80M,237.00M,0.155,,2010-09,AOR,
2010-06,1.520B,1.520B,750.00M,770.20M,565.30M,,-0.60M,16.10M,1.10M,-15.00M,,565.30M,204.90M,1.10M,16.10M,-15.00M,-0.60M,-15.00M,189.30M,59.80M,129.50M,,,-0.20M,,297.20M,91.80M,205.40M,,2010-06,,,0.5518,0.55,,0.00,,,,2010-06,233.40M,237.40M,0.155,,2010-06,AOR,Restated
2010-03,1.432B,1.432B,716.70M,715.40M,558.10M,,-3.50M,16.30M,1.30M,-15.00M,,558.10M,157.30M,1.30M,16.30M,-15.00M,-3.50M,-15.00M,138.80M,43.10M,95.70M,,,-0.20M,,241.30M,86.20M,155.10M,,2010-03,,,0.4203,0.41,,0.00,,,,2010-03,235.40M,239.00M,0.155,,2010-03,AOR,Restated
2009-12,1.564B,1.564B,781.10M,783.40M,577.40M,,-10.20M,16.40M,1.30M,-15.10M,,577.40M,206.00M,1.30M,16.40M,-15.10M,-10.20M,-15.10M,180.70M,64.40M,116.30M,,,-0.50M,,282.80M,85.70M,197.10M,,2009-12,,,0.5177,0.49,,0.00,,,,2009-12,237.30M,240.80M,0.155,,2009-12,AOR,Restated
2009-09,1.546B,1.546B,763.90M,782.50M,554.10M,,-5.40M,16.40M,1.30M,-15.10M,,554.10M,228.40M,1.30M,16.40M,-15.10M,-5.40M,-15.10M,207.90M,62.70M,145.20M,,,-0.20M,,307.90M,83.60M,224.30M,,2009-09,,,0.6259,0.61,,0.00,,,,2009-09,237.00M,240.60M,0.14,,2009-09,AOR,Restated
2009-06,1.442B,1.442B,725.10M,716.40M,526.40M,,-25.00M,16.90M,1.70M,-15.20M,,526.40M,190.00M,1.70M,16.90M,-15.20M,-25.00M,-15.20M,149.80M,50.30M,99.50M,,,-0.40M,,251.30M,84.60M,166.70M,,2009-06,,,0.4902,0.42,,0.00,,,,2009-06,236.50M,239.50M,0.14,,2009-06,AOR,Restated
2009-03,1.348B,1.348B,707.90M,640.30M,516.30M,,-26.50M,17.80M,2.00M,-15.80M,,516.30M,124.00M,2.00M,17.80M,-15.80M,-26.50M,-15.80M,81.70M,24.00M,57.70M,,,-0.30M,,179.90M,80.40M,99.50M,,2009-03,,,0.3193,0.24,,0.00,,,,2009-03,236.10M,238.10M,0.14,,2009-03,AOR,Restated
2008-12,1.483B,1.483B,770.20M,713.10M,541.40M,,-31.50M,17.80M,2.30M,-15.50M,,541.40M,171.70M,2.30M,17.80M,-15.50M,-31.50M,-15.50M,124.70M,44.30M,80.40M,,,-0.40M,,222.00M,79.50M,142.50M,,2008-12,,,0.4246,0.34,,0.00,,,,2008-12,240.00M,242.10M,0.14,,2008-12,,Restated
2008-09,1.626B,1.626B,834.30M,792.00M,578.80M,,-11.80M,17.90M,1.90M,-16.00M,,578.80M,213.20M,1.90M,17.90M,-16.00M,-11.80M,-16.00M,185.40M,59.50M,125.90M,,,0.30M,,288.50M,85.20M,203.30M,,2008-09,,,0.5424,0.51,,0.00,,,,2008-09,247.50M,251.80M,0.13,,2008-09,,Restated
2008-06,1.57B,1.57B,798.80M,771.20M,580.00M,,19.30M,17.80M,2.50M,-15.30M,,580.00M,191.20M,2.50M,17.80M,-15.30M,19.30M,-15.30M,195.20M,56.20M,139.00M,,,0.00,,298.10M,85.10M,213.00M,,2008-06,,,0.5044,0.56,,0.00,,,,2008-06,247.10M,251.40M,0.13,,2008-06,,Restated
2008-03,1.458B,1.458B,738.30M,719.60M,557.00M,,-1.90M,17.30M,2.50M,-14.80M,,557.00M,162.60M,2.50M,17.30M,-14.80M,-1.90M,-14.80M,145.90M,42.80M,103.10M,,,-0.20M,,248.10M,84.90M,163.20M,,2008-03,,,0.4254,0.42,,0.00,,,,2008-03,247.00M,251.50M,0.13,,2008-03,,Restated
2007-12,1.440B,1.440B,716.40M,723.40M,557.20M,,8.10M,,,,-8.10M,549.10M,174.30M,,,,8.10M,,161.20M,47.80M,113.40M,,,,,250.50M,76.20M,174.30M,,2007-12,,,0.4369,0.46,,0.00,,,,2007-12,246.50M,251.80M,0.13,,2007-12,,
2007-09,1.413B,1.413B,690.10M,723.10M,523.70M,,-27.80M,,,,27.80M,551.50M,171.60M,,,,-27.80M,,158.80M,44.80M,114.00M,,,,,244.80M,73.20M,171.60M,,2007-09,,,0.5414,0.46,,0.00,,,,2007-09,245.20M,249.70M,0.115,,2007-09,,
2007-06,1.362B,1.362B,669.50M,692.90M,519.90M,,,,,,,519.90M,173.00M,,,,,,159.60M,49.30M,110.30M,,,,,245.30M,72.30M,173.00M,,2007-06,,,0.45,0.45,,0.00,,,,2007-06,246.00M,250.70M,0.115,,2007-06,,
2007-03,1.254B,1.254B,615.70M,638.50M,490.10M,,,,,,,490.10M,148.40M,,,,,,136.70M,47.20M,89.50M,,,,,218.60M,70.20M,148.40M,,2007-03,,,0.36,0.36,,0.00,,,,2007-03,249.70M,254.50M,0.115,,2007-03,,
2006-12,1.271B,1.271B,630.10M,640.90M,495.30M,,,,,,,495.30M,145.60M,,,,,,133.80M,46.60M,87.20M,,,,,212.30M,66.70M,145.60M,,2006-12,,,0.35,0.35,,0.00,,,,2006-12,251.20M,256.80M,0.115,,2006-12,,
2006-09,1.279B,1.279B,625.50M,653.30M,471.90M,,,,,,,471.90M,181.40M,,,,,,170.10M,59.80M,110.30M,,,,,249.97M,68.57M,181.40M,,2006-09,,,0.44,0.44,,0.00,,,,2006-09,251.60M,256.70M,0.10,,2006-09,,
2006-06,1.226B,1.226B,608.00M,617.88M,464.75M,,,,,,,464.75M,153.13M,,,,,,142.11M,48.93M,93.18M,,,,,221.05M,67.93M,153.13M,,2006-06,,,0.37,0.37,,0.00,,,,2006-06,252.15M,256.69M,0.10,,2006-06,,
2006-03,1.120B,1.120B,552.50M,567.60M,436.20M,,,,,,,436.20M,131.40M,,,,,,121.10M,43.20M,77.90M,,,,,196.80M,65.40M,131.40M,,2006-03,,,0.31,0.31,,0.00,,,,2006-03,253.50M,258.10M,0.10,,2006-03,,
2005-12,1.141B,1.141B,577.90M,563.59M,439.87M,,,,,,,439.87M,123.71M,,,,,,114.42M,43.70M,70.72M,,,,,185.98M,62.27M,123.71M,,2005-12,,,0.28,0.28,,0.00,,,,2005-12,255.40M,260.10M,0.10,,2005-12,,
2005-09,1.165B,1.165B,572.86M,591.91M,429.46M,,,,,,,429.46M,162.45M,,,,,,150.92M,52.96M,97.96M,,,,,226.94M,64.49M,162.45M,,2005-09,,,0.38,0.38,,0.00,,,,2005-09,255.82M,259.91M,0.0875,,2005-09,,
2005-06,1.159B,1.159B,571.07M,587.60M,449.35M,,,,,,,449.35M,138.25M,,,,,,126.07M,44.67M,81.40M,,,,,203.45M,65.20M,138.25M,,2005-06,,,0.32,0.32,,0.00,,,,2005-06,255.47M,259.59M,0.0875,,2005-06,,
2005-03,1.070B,1.070B,526.56M,543.32M,416.96M,,,,,,,416.96M,126.37M,,,,,,115.18M,40.53M,74.65M,,,,,191.31M,64.94M,126.37M,,2005-03,,,0.27,0.27,,0.00,,,,2005-03,256.27M,260.63M,0.0875,,2005-03,,
2004-12,1.073B,1.073B,535.12M,537.42M,458.90M,,0.429M,,,,-0.429M,458.48M,78.94M,,,,0.429M,,67.55M,24.10M,43.45M,,,,,140.70M,61.76M,78.94M,,2004-12,,,0.1689,0.17,,0.00,,,,2004-12,257.77M,257.91M,0.0875,,2004-12,,
2004-09,1.090B,1.090B,519.67M,570.65M,410.36M,,-1.345M,,,,1.345M,411.70M,158.94M,,,,-1.345M,,147.38M,52.43M,94.95M,,,,,221.45M,62.51M,158.94M,,2004-09,,,0.3734,0.37,,0.00,,,,2004-09,258.37M,262.25M,0.08,,2004-09,,
2004-06,1.043B,1.043B,504.61M,538.10M,402.49M,,0.254M,,,,-0.254M,402.23M,135.87M,,,,0.254M,,124.65M,46.36M,78.29M,,,,,197.27M,61.40M,135.87M,,2004-06,,,0.2994,0.30,,0.00,,,,2004-06,257.14M,260.90M,0.08,,2004-06,,
2004-03,979.37M,979.37M,474.09M,505.28M,385.33M,,-3.805M,,,,3.805M,389.14M,116.14M,,,,-3.805M,,104.97M,38.96M,66.01M,,,,,177.42M,61.29M,116.14M,,2004-03,,,0.2693,0.26,,0.00,,,,2004-03,257.02M,260.23M,0.08,,2004-03,,
2003-12,956.47M,956.47M,469.82M,486.64M,372.81M,,0.472M,,,,-0.472M,372.34M,114.30M,,,,0.70M,,103.69M,36.26M,67.44M,,,,,170.45M,56.15M,114.30M,,2003-12,,,0.2588,0.26,,0.00,,,,2003-12,257.43M,260.81M,0.08,,2003-12,,
2003-09,982.77M,982.77M,478.16M,504.60M,357.92M,,-1.224M,,,,1.224M,359.15M,145.46M,,,,9.653M,,144.28M,56.84M,87.44M,,,,,205.19M,59.74M,145.46M,,2003-09,,,0.3429,0.34,,0.00,,,,2003-09,258.69M,261.61M,0.0725,,2003-09,,
2003-06,946.74M,946.74M,466.73M,480.00M,358.78M,,0.147M,,,,-0.147M,358.64M,121.36M,,,,0.147M,,109.61M,42.46M,67.16M,,,,,172.63M,51.26M,121.36M,,2003-06,,,0.2597,0.26,,0.00,,,,2003-06,261.25M,264.55M,0.0725,,2003-06,,
2003-03,875.85M,875.85M,430.48M,445.37M,344.03M,,0.197M,,,,-0.197M,343.84M,101.53M,,,,0.197M,,90.83M,35.51M,55.32M,,,,,164.04M,62.50M,101.53M,,2003-03,,,0.2095,0.21,,0.00,,,,2003-03,260.45M,263.64M,0.0725,,2003-03,,
2002-12,883.38M,883.38M,444.03M,439.35M,335.12M,,-10.81M,,,,10.81M,345.92M,93.42M,,,,-10.81M,,82.98M,31.88M,51.11M,0.00,0.00,,,156.27M,62.84M,93.42M,,2002-12,0.00,,0.1707,0.155,,-0.01,0.0000,,,2002-12,259.39M,262.92M,0.0725,,2002-12,,
2002-09,894.87M,894.87M,434.20M,460.67M,327.67M,,-2.109M,,,,2.109M,329.78M,130.90M,,,,-2.109M,,119.91M,47.83M,72.08M,,,,,185.18M,54.28M,130.90M,,2002-09,,,0.2849,0.28,,0.00,,,,2002-09,258.57M,261.22M,0.0675,,2002-09,,
2002-06,839.23M,839.23M,413.42M,425.80M,315.36M,,-11.82M,,,,11.82M,327.18M,98.62M,,,,-11.82M,,86.67M,35.01M,51.66M,,,,,150.56M,51.93M,98.62M,,2002-06,,,0.2275,0.20,,0.00,,,,2002-06,257.81M,261.23M,0.0675,,2002-06,,
2002-03,786.11M,786.11M,395.94M,390.16M,304.94M,,-12.30M,,,,12.30M,317.24M,72.92M,,,,-12.30M,,62.41M,25.37M,37.04M,1.882M,,,,127.29M,54.37M,72.92M,,2002-03,,,0.1737,0.15,,0.005,,,,2002-03,256.81M,260.36M,0.0675,,2002-03,,
2001-12,527.76M,527.76M,299.46M,228.30M,160.80M,,-1.069M,,,,,161.62M,66.68M,,,,2.488M,,58.50M,23.75M,38.30M,,,,,107.54M,40.86M,66.68M,,2001-12,,,0.1525,0.15,,0.00,,,,2001-12,255.39M,258.84M,0.0675,,2001-12,,
2001-09,616.23M,616.23M,280.75M,335.48M,241.42M,,0.053M,,,,,241.42M,94.06M,,,,5.487M,,87.11M,35.28M,57.26M,,,,,135.14M,41.07M,94.06M,,2001-09,,,0.2249,0.225,,0.00,,,,2001-09,255.35M,259.62M,0.065,,2001-09,,
2001-06,586.98M,586.98M,282.60M,304.38M,224.33M,,0.192M,,,,-0.192M,224.14M,80.24M,,,,4.694M,,73.43M,29.74M,48.19M,,,,,121.20M,40.96M,80.24M,,2001-06,,,0.1895,0.19,,0.00,,,,2001-06,254.67M,260.14M,0.065,,2001-06,,
2001-03,580.91M,580.91M,265.23M,315.68M,238.30M,,,,,,,238.30M,77.38M,,,,2.34M,,70.71M,28.64M,44.41M,,,,,117.48M,40.10M,77.38M,,2001-03,,,0.175,0.175,,0.00,,,,2001-03,253.92M,261.26M,0.065,,2001-03,,
2000-12,533.02M,533.02M,293.45M,239.58M,166.22M,,,,,,,245.49M,-5.91M,,,,26.88M,,86.62M,35.57M,57.20M,,,,,32.62M,38.53M,-5.91M,,2000-12,,,0.23,0.22,,-0.01,,,,2000-12,253.22M,260.36M,0.065,,2000-12,,
2000-09,600.67M,600.67M,266.95M,333.72M,235.99M,,,,,,,235.99M,97.73M,,,,5.37M,,91.20M,36.23M,60.34M,,,,,135.17M,37.44M,97.73M,,2000-09,,,0.235,0.235,,0.00,,,,2000-09,254.22M,262.33M,0.06,,2000-09,,
2000-06,570.71M,570.71M,223.31M,347.40M,232.69M,,5.106M,,,,,268.76M,78.64M,,,,5.106M,,78.50M,30.09M,48.41M,,,,,114.71M,36.07M,78.64M,,2000-06,,,0.1777,0.19,,0.00,,,,2000-06,256.69M,265.98M,0.06,,2000-06,,
2000-03,526.26M,526.26M,200.08M,326.18M,217.10M,,2.891M,,,,,253.49M,72.68M,,,,2.891M,,70.22M,27.60M,42.61M,,,,,109.08M,36.40M,72.68M,,2000-03,,,0.1582,0.165,,0.00,,,,2000-03,257.89M,266.66M,0.06,,2000-03,,
1999-12,515.80M,515.80M,201.20M,314.60M,212.80M,,5.80M,,,,,246.40M,68.20M,,,,5.80M,,68.10M,25.70M,42.40M,,,,,101.80M,33.60M,68.20M,,1999-12,,,0.1511,0.165,,0.00,,,,1999-12,259.31M,266.86M,0.06,,1999-12,,
1999-09,554.50M,554.50M,212.30M,342.20M,219.00M,,5.60M,,,,,254.30M,87.90M,,,,5.60M,,88.60M,33.60M,55.00M,,,,,123.20M,35.30M,87.90M,,1999-09,,,0.1967,0.21,,0.00,,,,1999-09,261.90M,268.29M,0.0525,,1999-09,,
1999-06,520.42M,520.42M,201.80M,318.62M,213.90M,,4.80M,,,,,246.80M,71.82M,,,,4.80M,,70.30M,26.90M,43.40M,,,,,104.72M,32.90M,71.82M,,1999-06,,,0.1537,0.165,,0.00,,,,1999-06,263.03M,271.25M,0.0525,,1999-06,,
1999-03,489.30M,489.30M,187.70M,301.60M,206.60M,,2.10M,,,,,239.30M,62.30M,,,,2.10M,,58.60M,23.60M,35.00M,,,,,95.00M,32.70M,62.30M,,1999-03,,,0.1301,0.135,,0.00,,,,1999-03,259.26M,269.23M,0.0525,,1999-03,,
1998-12,483.30M,483.30M,188.20M,295.10M,197.30M,,5.00M,,,,,229.90M,65.20M,,,,5.00M,,64.40M,25.20M,39.20M,,,,,97.80M,32.60M,65.20M,,1998-12,,0.0009,0.1430,0.155,,0.00,,0.0004,,1998-12,253.76M,265.53M,0.0525,,1998-12,,
1998-09,500.00M,500.00M,193.50M,306.50M,196.50M,,4.70M,,,,,227.40M,79.10M,,,,4.70M,,78.80M,31.80M,47.00M,,,,,110.00M,30.90M,79.10M,,1998-09,,0.1453,0.1692,0.325,,0.14,,0.1431,,1998-09,261.54M,265.62M,0.0475,,1998-09,,
1998-06,468.50M,468.50M,180.40M,288.10M,194.60M,,3.80M,,,,,224.30M,63.80M,,,,3.80M,,62.20M,24.50M,37.70M,,,,,93.50M,29.70M,63.80M,,1998-06,,,0.1361,0.145,,0.00,,,,1998-06,260.00M,269.29M,0.0475,,1998-06,,
