,OperatingRevenue,Revenue,CostofGoodsSold,GrossProfit,SG&AExpense,SpecialIncomeandCharges,ProvisionforDoubtfulAccounts,OperatingInterestExpense,OperatingInterestIncome,NetOperatingInterestIncome,OtherOperatingExpenses,TotalOperatingExpenses,OperatingIncome,Non-OperatingInterestIncome,Non-OperatingInterestExpense,NetNon-OperatingInterestIncomeExpense,OtherIncomeandExpenses,NetInterestIncome,Pre-TaxIncome,ProvisionforIncomeTaxes,IncomefromContinuingOperations,IncomefromDiscontinuedOperations,"ExtraordinaryItems,IncomeStatement",IncomeAttributabletoMinorityInterest,PreferredStockDividend,EBITDA,ReconciledDepreciation,EBIT,,BasicEPS(Quarterly),EPSBasicfromExtraordinaries,EPSBasicfromTaxLossCarryforward,NormalizedBasicEPS,EPSBasic,,EPSDilutedfromDiscontinuedOperations,EPSDilutedfromExtraordinaries,EPSDilutedfromTaxLossCarryforward,,SharesData(Quarterly),AverageBasicSharesOutstanding,AverageDilutedSharesOutstanding,DividendPerShare,,SECFilingLinks,AsOriginallyReported,Restated
2020-10,10.12B,10.12B,7.062B,3.055B,1.986B,,,54.20M,1.30M,-52.90M,,1.986B,1.069B,1.30M,54.20M,-52.90M,,-52.90M,1.016B,149.34M,866.66M,,,,,1.289B,218.97M,1.070B,,2020-10,,,0.72,0.72,,,,,,2020-10,1.200B,1.214B,0.00,,2020-10,AOR,
2020-07,6.668B,6.668B,5.174B,1.493B,1.528B,,,59.00M,1.70M,-57.30M,,1.528B,-34.68M,1.70M,59.00M,-57.30M,,-57.30M,-92.02M,122.20M,-214.22M,,,,,187.05M,220.06M,-33.02M,,2020-07,,,-0.18,-0.18,,,,,,2020-07,1.199B,1.199B,0.00,,2020-07,AOR,
2020-04,4.409B,4.409B,4.414B,-5.577M,1.314B,,,31.60M,8.20M,-23.40M,,1.314B,-1.319B,8.20M,31.60M,-23.40M,,-23.40M,-1.343B,-455.36M,-887.49M,,,,,-1.092B,219.46M,-1.311B,,2020-04,,,-0.74,-0.74,,,,,,2020-04,1.198B,1.198B,0.23,,2020-04,AOR,
2020-01,12.21B,12.21B,8.742B,3.465B,2.135B,,,14.59M,11.56M,-3.026M,,2.135B,1.329B,11.56M,14.59M,-3.026M,,-3.026M,1.326B,341.48M,984.79M,,,,,1.561B,219.91M,1.341B,,2020-01,,,0.8185,0.8185,,,,,,2020-01,1.201B,1.219B,0.23,,2020-01,AOR,
2019-10,10.45B,10.45B,7.440B,3.011B,1.886B,,,15.00M,11.70M,-3.30M,,1.886B,1.125B,11.70M,15.00M,-3.30M,,-3.30M,1.122B,293.86M,828.26M,,,,,1.357B,219.56M,1.137B,,2019-10,,,0.69,0.69,,,,,,2019-10,1.206B,1.224B,0.23,,2019-10,AOR,Restated
2019-07,9.782B,9.782B,7.026B,2.756B,1.731B,,,14.90M,12.00M,-2.90M,,1.731B,1.024B,12.00M,14.90M,-2.90M,,-2.90M,1.021B,262.34M,758.96M,,,,,1.252B,215.63M,1.036B,,2019-07,,,0.63,0.63,,,,,,2019-07,1.211B,1.229B,0.23,,2019-07,AOR,Restated
2019-04,9.278B,9.278B,6.638B,2.640B,1.702B,,,14.60M,13.80M,-0.80M,,1.702B,937.30M,13.80M,14.60M,-0.80M,,-0.80M,936.48M,236.30M,700.18M,,,,,1.163B,212.20M,951.08M,,2019-04,,,0.58,0.58,,,,,,2019-04,1.215B,1.233B,0.195,,2019-04,AOR,Restated
2019-01,11.13B,11.13B,8.034B,3.094B,1.917B,0.00,,16.67M,18.18M,1.505M,,1.917B,1.177B,18.18M,16.67M,1.505M,0.00,1.505M,1.179B,337.04M,841.54M,,,,,1.414B,218.43M,1.195B,,2019-01,,,0.6824,0.6824,,,,,,2019-01,1.228B,1.245B,0.195,,2019-01,AOR,Restated
2018-10,9.826B,9.826B,6.983B,2.842B,1.756B,-36.12M,,16.50M,13.31M,-3.188M,,1.756B,1.086B,13.31M,16.50M,-3.188M,-36.12M,-3.188M,1.047B,284.26M,762.25M,,,,,1.268B,204.91M,1.063B,,2018-10,,,0.6413,0.62,,,,,,2018-10,1.237B,1.258B,0.195,,2018-10,AOR,Restated
2018-07,9.331B,9.331B,6.636B,2.695B,1.700B,,,15.96M,12.93M,-3.029M,,1.700B,995.59M,12.93M,15.96M,-3.029M,,-3.029M,992.56M,252.93M,739.63M,,,,,1.213B,204.02M,1.009B,,2018-07,,,0.59,0.59,,,,,,2018-07,1.247B,1.266B,0.195,,2018-07,AOR,Restated
2018-04,8.689B,8.689B,6.178B,2.510B,1.551B,,,15.72M,11.57M,-4.148M,,1.551B,959.71M,11.57M,15.72M,-4.148M,,-4.148M,955.56M,239.18M,716.38M,,,,,1.164B,192.30M,971.28M,,2018-04,,,0.57,0.57,,,,,,2018-04,1.253B,1.269B,0.1562,,2018-04,AOR,Restated
2018-01,10.96B,10.96B,7.849B,3.111B,1.896B,-99.25M,,15.94M,11.85M,-4.089M,,1.896B,1.216B,11.85M,15.94M,-4.089M,,-4.089M,1.112B,235.10M,877.28M,,,,,1.322B,193.53M,1.128B,,2018-01,,,0.7559,0.6937,,,,,,2018-01,1.259B,1.277B,0.1562,,2018-01,AOR,Restated
2017-10,8.762B,8.762B,6.150B,2.612B,1.584B,0.00,,16.28M,8.302M,-7.981M,,1.584B,1.028B,8.302M,16.28M,-7.981M,,-7.981M,1.02B,378.56M,641.44M,,,,,1.221B,184.29M,1.036B,,2017-10,,,0.51,0.51,,,,,,2017-10,1.268B,1.286B,0.1562,,2017-10,AOR,Restated
2017-07,8.358B,8.358B,5.973B,2.385B,1.484B,,,16.04M,6.361M,-9.677M,,1.484B,901.38M,6.361M,16.04M,-9.677M,,-9.677M,891.70M,338.74M,552.96M,,,,,1.083B,175.64M,907.74M,,2017-07,,,0.435,0.435,,,,,,2017-07,1.278B,1.297B,0.1562,,2017-07,AOR,Restated
2017-04,7.784B,7.784B,5.530B,2.254B,1.412B,,,16.03M,6.191M,-9.841M,,1.412B,842.35M,6.191M,16.03M,-9.841M,,-9.841M,832.51M,296.23M,536.28M,,,,,1.021B,172.48M,848.54M,,2017-04,,,0.415,0.415,,,,,,2017-04,1.289B,1.310B,0.13,,2017-04,AOR,Restated
2017-01,9.468B,9.468B,6.787B,2.681B,1.578B,0.00,,15.17M,5.555M,-9.616M,,1.578B,1.103B,5.555M,15.17M,-9.616M,0.00,-9.616M,1.094B,415.73M,677.93M,,,,,1.275B,166.40M,1.109B,,2017-01,,,0.5245,0.5245,,,,,,2017-01,1.299B,1.316B,0.13,,2017-01,AOR,Restated
2016-10,8.292B,8.292B,5.844B,2.448B,1.463B,-82.95M,,16.96M,4.496M,-12.46M,,1.463B,985.24M,4.496M,16.96M,-12.46M,-82.95M,-12.46M,889.83M,340.05M,549.79M,,,,,1.074B,167.63M,906.79M,,2016-10,,,0.4592,0.42,,,,,,2016-10,1.307B,1.323B,0.13,,2016-10,AOR,Restated
2016-07,7.882B,7.882B,5.563B,2.319B,1.393B,,,14.56M,3.294M,-11.26M,,1.393B,925.84M,3.294M,14.56M,-11.26M,,-11.26M,914.58M,352.41M,562.17M,,,,,1.097B,167.75M,929.14M,,2016-07,,,0.425,0.425,,,,,,2016-07,1.316B,1.333B,0.13,,2016-07,AOR,Restated
2016-04,7.542B,7.542B,5.372B,2.170B,1.335B,,,14.99M,4.792M,-10.19M,,1.335B,835.16M,4.792M,14.99M,-10.19M,,-10.19M,824.97M,316.62M,508.35M,,,,,996.97M,157.01M,839.96M,,2016-04,,,0.385,0.385,,,,,,2016-04,1.323B,1.341B,0.105,,2016-04,AOR,Restated
2016-01,8.962B,8.962B,6.388B,2.574B,1.497B,0.00,,15.12M,4.157M,-10.96M,,1.497B,1.077B,4.157M,15.12M,-10.96M,,-10.96M,1.066B,399.34M,666.47M,,,,,1.244B,162.99M,1.081B,,2016-01,,,0.5022,0.5022,,,,,,2016-01,1.331B,1.350B,0.105,,2016-01,AOR,Restated
2015-10,7.753B,7.753B,5.507B,2.247B,1.292B,0.00,,15.92M,2.911M,-13.00M,,1.292B,954.20M,2.911M,15.92M,-13.00M,,-13.00M,941.19M,353.93M,587.26M,,,,,1.112B,155.25M,957.11M,,2015-10,,,0.44,0.44,,,,,,2015-10,1.342B,1.362B,0.105,,2015-10,AOR,Restated
2015-07,7.364B,7.364B,5.219B,2.145B,1.248B,,,14.26M,3.457M,-10.81M,,1.248B,897.00M,3.457M,14.26M,-10.81M,,-10.81M,886.19M,336.86M,549.34M,,,,,1.050B,149.92M,900.46M,,2015-07,,,0.405,0.405,,,,,,2015-07,1.352B,1.371B,0.105,,2015-07,AOR,Restated
2015-04,6.866B,6.866B,4.920B,1.945B,1.169B,,,14.97M,3.344M,-11.62M,,1.169B,776.74M,3.344M,14.97M,-11.62M,,-11.62M,765.12M,290.51M,474.60M,,,,,928.62M,148.54M,780.08M,,2015-04,,,0.35,0.35,,,,,,2015-04,1.363B,1.382B,0.0875,,2015-04,AOR,Restated
2015-01,8.304B,8.304B,5.959B,2.345B,1.306B,0.00,,13.66M,4.657M,-9.002M,,1.306B,1.039B,4.657M,13.66M,-9.002M,0.00,-9.002M,1.030B,381.40M,648.23M,,,,,1.194B,150.81M,1.043B,,2015-01,,,0.4733,0.4733,,,,,,2015-01,1.371B,1.392B,0.0875,,2015-01,AOR,Restated
2014-10,7.366B,7.366B,5.204B,2.162B,1.193B,,,13.67M,3.632M,-10.04M,,1.193B,969.14M,3.632M,13.67M,-10.04M,,-10.04M,959.10M,364.14M,594.96M,,,,,1.119B,146.51M,972.77M,,2014-10,,,0.43,0.43,,,,,,2014-10,1.380B,1.402B,0.0875,,2014-10,AOR,Restated
2014-07,6.917B,6.917B,4.936B,1.981B,1.123B,-16.83M,,14.87M,3.716M,-11.15M,,1.123B,858.60M,3.716M,14.87M,-11.15M,-16.83M,-11.15M,830.62M,312.99M,517.62M,,,,,992.98M,147.50M,845.48M,,2014-07,,,0.3826,0.375,,,,,,2014-07,1.388B,1.410B,0.0875,,2014-07,AOR,Restated
2014-04,6.491B,6.491B,4.678B,1.813B,1.073B,,,13.18M,3.588M,-9.595M,,1.073B,740.13M,3.588M,13.18M,-9.595M,,-9.595M,730.53M,276.21M,454.32M,,,,,887.87M,144.16M,743.71M,,2014-04,,,0.325,0.325,,,,,,2014-04,1.402B,1.426B,0.0725,,2014-04,AOR,Restated
2014-01,7.809B,7.809B,5.650B,2.158B,1.215B,,,13.30M,5.787M,-7.509M,,1.215B,943.30M,5.787M,13.30M,-7.509M,,-7.509M,935.79M,353.49M,582.29M,,,,,1.091B,141.54M,949.08M,,2014-01,,,0.4094,0.4094,,,,,,2014-01,1.414B,1.441B,0.0725,,2014-01,AOR,Restated
2013-10,6.982B,6.982B,4.934B,2.047B,1.159B,0.00,,12.61M,3.236M,-9.371M,,1.159B,888.74M,3.236M,12.61M,-9.371M,,-9.371M,879.37M,256.72M,622.66M,,,,,1.033B,141.31M,891.98M,,2013-10,,,0.44,0.44,,,,,,2013-10,1.423B,1.448B,0.0725,,2013-10,AOR,Restated
2013-07,6.442B,6.442B,4.587B,1.856B,1.074B,0.00,,11.84M,2.92M,-8.919M,,1.074B,781.36M,2.92M,11.84M,-8.919M,,-8.919M,772.45M,292.89M,479.56M,,,,,919.71M,135.43M,784.28M,,2013-07,,,0.335,0.335,,,,,,2013-07,1.431B,1.457B,0.0725,,2013-07,AOR,Restated
2013-04,6.190B,6.190B,4.434B,1.756B,1.019B,,,8.352M,3.07M,-5.282M,,1.019B,737.17M,3.07M,8.352M,-5.282M,,-5.282M,731.88M,279.00M,452.89M,,,,,870.78M,130.54M,740.24M,,2013-04,,,0.315,0.315,,,,,,2013-04,1.439B,1.465B,0.0575,,2013-04,AOR,Restated
2013-01,7.724B,7.724B,5.515B,2.209B,1.240B,,,8.597M,3.52M,-5.077M,,1.240B,969.76M,3.52M,8.597M,-5.077M,,-5.077M,964.69M,359.84M,604.84M,,,,,1.110B,136.56M,973.28M,,2013-01,,,0.4147,0.4147,,,,,,2013-01,1.448B,1.474B,0.00,,2013-01,AOR,Restated
2012-10,6.411B,6.411B,4.566B,1.845B,1.090B,,,8.569M,2.48M,-6.089M,,1.090B,754.56M,2.48M,8.569M,-6.089M,,-6.089M,748.47M,286.92M,461.55M,,,,,882.94M,125.91M,757.04M,,2012-10,,,0.315,0.315,,,,,,2012-10,1.463B,1.491B,0.0575,,2012-10,AOR,Restated
2012-07,5.946B,5.946B,4.275B,1.670B,978.51M,,,12.07M,2.892M,-9.182M,,978.51M,691.97M,2.892M,12.07M,-9.182M,,-9.182M,682.79M,261.70M,421.09M,,,,,820.69M,125.82M,694.86M,,2012-07,,,0.285,0.285,,,,,,2012-07,1.474B,1.502B,0.115,,2012-07,AOR,Restated
2012-04,5.798B,5.798B,4.166B,1.632B,942.13M,,,11.59M,2.765M,-8.827M,,942.13M,690.23M,2.765M,11.59M,-8.827M,,-8.827M,681.40M,262.20M,419.20M,,,,,813.64M,120.64M,693.00M,,2012-04,,,0.28,0.28,,,,,,2012-04,1.484B,1.512B,0.0475,,2012-04,AOR,Restated
2012-01,6.710B,6.710B,4.884B,1.825B,1.058B,,,12.00M,2.927M,-9.071M,,1.058B,767.65M,2.927M,12.00M,-9.071M,,-9.071M,758.58M,283.26M,475.31M,,,,,899.34M,128.76M,770.58M,,2012-01,,,0.3183,0.3183,,0.00,,,,2012-01,1.501B,1.528B,0.0475,,2012-01,AOR,Restated
2011-10,5.793B,5.793B,4.167B,1.627B,954.24M,,,11.90M,3.354M,-8.551M,,954.24M,672.30M,3.354M,11.90M,-8.551M,,-8.551M,663.75M,257.26M,406.49M,,,,,796.16M,120.50M,675.66M,,2011-10,,,0.27,0.27,,0.00,,,,2011-10,1.509B,1.532B,0.0475,,2011-10,AOR,Restated
2011-07,5.468B,5.468B,3.976B,1.492B,923.69M,,,11.32M,2.209M,-9.109M,,923.69M,568.55M,2.209M,11.32M,-9.109M,,-9.109M,559.44M,211.10M,348.34M,,,,,690.97M,120.21M,570.76M,,2011-07,,,0.23,0.23,,0.00,,,,2011-07,1.527B,1.551B,0.0475,,2011-07,AOR,Restated
2011-04,5.220B,5.220B,3.827B,1.393B,954.47M,,,11.46M,2.545M,-8.917M,,954.47M,438.56M,2.545M,11.46M,-8.917M,,-8.917M,429.65M,163.70M,265.95M,,,,,557.34M,116.23M,441.11M,,2011-04,,,0.17,0.17,,0.00,,,,2011-04,1.552B,1.576B,0.0375,,2011-04,AOR,Restated
2011-01,6.332B,6.332B,4.666B,1.666B,1.122B,,,12.37M,3.226M,-9.145M,,1.111B,555.02M,3.226M,12.37M,-9.145M,,-9.145M,534.33M,203.52M,330.80M,,,,,663.68M,116.98M,546.70M,,2011-01,,,0.21,0.215,,0.00,,,,2011-01,1.567B,1.591B,0.0375,,2011-01,AOR,Restated
2010-10,5.526B,5.526B,4.006B,1.519B,912.81M,,,12.50M,2.987M,-9.518M,,912.81M,606.64M,2.987M,12.50M,-9.518M,,-9.518M,597.12M,224.81M,372.31M,,,,,723.46M,113.84M,609.62M,,2010-10,,,0.235,0.235,,0.00,,,,2010-10,1.589B,1.612B,0.0375,,2010-10,AOR,
2010-07,5.068B,5.068B,3.719B,1.349B,853.80M,,-11.55M,12.17M,1.897M,-10.27M,,842.25M,506.62M,1.897M,12.17M,-10.27M,,-10.27M,496.35M,191.36M,304.98M,,,,,622.13M,113.62M,508.52M,,2010-07,,,0.19,0.19,,0.00,,,,2010-07,1.615B,1.639B,0.0375,,2010-07,AOR,Restated
2010-04,5.017B,5.017B,3.649B,1.368B,821.36M,,,11.97M,1.767M,-10.20M,,821.36M,546.50M,1.767M,11.97M,-10.20M,,-10.20M,536.30M,204.87M,331.43M,,,,,661.88M,113.61M,548.27M,,2010-04,,,0.2025,0.2025,,0.00,,,,2010-04,1.632B,1.658B,0.03,,2010-04,AOR,Restated
2010-01,5.942B,5.942B,4.359B,1.583B,938.91M,,,14.18M,-15.09M,-29.27M,-57.79M,881.13M,702.02M,-15.09M,14.18M,-29.27M,,-29.27M,633.24M,238.24M,395.00M,,,,,763.69M,116.28M,647.42M,,2010-01,,,0.2375,0.2375,,0.00,,,,2010-01,1.652B,1.680B,0.03,,2010-01,AOR,Restated
2009-10,5.245B,5.245B,3.802B,1.443B,864.10M,,,14.56M,27.22M,12.66M,25.33M,889.43M,553.34M,27.22M,14.56M,12.66M,,12.66M,566.00M,218.21M,347.80M,,,,,690.08M,109.52M,580.56M,,2009-10,,,0.205,0.205,,0.00,,,,2009-10,1.687B,1.712B,0.03,,2009-10,AOR,Restated
2009-07,4.748B,4.748B,3.534B,1.213B,790.88M,,,11.63M,20.88M,9.249M,18.50M,809.37M,403.85M,20.88M,11.63M,9.249M,,9.249M,413.10M,151.54M,261.56M,,,,,530.00M,105.27M,424.73M,,2009-07,,,0.155,0.155,,0.00,,,,2009-07,1.696B,1.722B,0.03,,2009-07,AOR,Restated
2009-04,4.354B,4.354B,3.273B,1.081B,735.06M,,,8.914M,2.313M,-6.601M,,735.06M,345.82M,2.313M,8.914M,-6.601M,,-6.601M,339.22M,130.01M,209.21M,,,,,452.28M,104.15M,348.13M,,2009-04,,,0.1275,0.1275,,0.00,,,,2009-04,1.650B,1.728B,0.0275,,2009-04,AOR,Restated
2009-01,5.380B,5.380B,4.195B,1.185B,812.10M,,,,,,,781.60M,403.28M,,,,,,398.76M,148.06M,250.70M,0.00,,,,527.80M,100.68M,427.11M,,2009-01,,,0.15,0.1525,,0.0025,,,,2009-01,1.649B,1.727B,0.00,,2009-01,,Restated
2008-10,4.762B,4.762B,3.528B,1.234B,809.81M,,,,,,,809.81M,423.71M,,,,,,418.26M,164.14M,254.12M,-18.27M,,,,500.24M,76.53M,423.71M,,2008-10,,,0.1525,0.1425,,-0.01,,,,2008-10,1.668B,1.763B,0.0275,,2008-10,,
2008-07,4.621B,4.621B,3.493B,1.128B,808.28M,,,,,,,808.28M,320.20M,,,,,,317.56M,117.34M,200.22M,,,,,432.86M,112.66M,320.20M,,2008-07,,,0.12,0.12,,0.00,,,,2008-07,1.685B,1.782B,0.0275,,2008-07,,
2008-04,4.364B,4.364B,3.316B,1.048B,757.11M,,,,,,,757.11M,291.28M,,,,,,289.61M,95.76M,193.85M,,,,,403.12M,111.84M,291.28M,,2008-04,,,0.115,0.115,,0.00,,,,2008-04,1.702B,1.802B,0.0275,,2008-04,,
2008-01,5.178B,5.178B,3.905B,1.273B,985.66M,,,,,,,985.66M,286.91M,,,,,,504.01M,192.18M,311.83M,,,,,399.04M,112.13M,286.91M,,2008-01,,,0.18,0.1725,,-0.0075,,,,2008-01,1.724B,1.821B,0.0225,,2008-01,,
2007-10,4.737B,4.737B,3.541B,1.196B,792.55M,,,,,,,792.55M,403.44M,,,,,,400.39M,150.93M,249.46M,,,,,506.93M,103.49M,403.44M,,2007-10,,,0.1425,0.1425,,0.00,,,,2007-10,1.757B,1.858B,0.0225,,2007-10,,
2007-07,4.313B,4.313B,3.278B,1.036B,749.05M,-195.92M,,,,,,749.05M,286.55M,,,,-195.92M,,92.03M,33.00M,59.03M,,,,,392.77M,106.22M,286.55M,,2007-07,,,0.1026,0.0325,,0.00,,,,2007-07,1.792B,1.893B,0.0225,,2007-07,,
2007-04,4.108B,4.108B,3.117B,990.87M,729.28M,,,,,,,729.28M,261.58M,,,,,,263.66M,101.55M,162.11M,,,,,366.51M,104.92M,261.58M,,2007-04,,,0.09,0.09,,0.00,,,,2007-04,1.814B,1.916B,0.0225,,2007-04,,
2007-01,4.796B,4.796B,3.679B,1.117B,720.46M,,,,,,,720.46M,396.95M,,,,,,397.34M,143.67M,253.67M,-48.20M,,,,502.61M,105.66M,396.95M,,2007-01,,,0.14,0.115,,-0.025,,,,2007-01,1.809B,1.918B,0.0175,,2007-01,,
2006-10,4.473B,4.473B,3.334B,1.139B,756.35M,,,,,,,756.35M,382.51M,,,,,,375.73M,144.91M,230.82M,-0.207M,,,,488.26M,105.75M,382.51M,,2006-10,,,0.1275,0.1275,,0.00,,,,2006-10,1.810B,1.918B,0.035,,2006-10,,
2006-07,3.964B,3.964B,3.034B,929.34M,693.26M,,,,,,,693.26M,236.07M,,,,,,230.66M,91.84M,138.82M,-0.668M,,,,342.03M,105.96M,236.07M,,2006-07,,,0.0775,0.0775,,0.00,,,,2006-07,1.809B,1.910B,0.0175,,2006-07,,
2006-04,3.871B,3.871B,2.923B,948.41M,684.17M,,,,,,,684.17M,264.24M,,,,,,260.48M,96.62M,163.86M,-0.053M,,,,369.80M,105.56M,264.24M,,2006-04,,,0.09,0.09,,0.00,,,,2006-04,1.836B,1.940B,0.015,,2006-04,,
2006-01,4.614B,4.614B,3.546B,1.068B,711.42M,,,,,,,711.42M,356.89M,,,,,,352.29M,63.21M,288.11M,,,,,458.39M,101.50M,356.89M,,2006-01,,,0.155,0.155,,0.00,,,,2006-01,1.840B,1.938B,0.015,,2006-01,,
2005-10,4.042B,4.042B,3.072B,969.90M,702.46M,,,,,,,702.46M,267.44M,,,,,,257.32M,101.99M,155.32M,,,,,368.03M,100.59M,267.44M,,2005-10,,,0.085,0.085,,0.00,,,,2005-10,1.848B,1.946B,0.015,,2005-10,,
2005-07,3.648B,3.648B,2.808B,840.00M,652.14M,,,,,,,652.14M,187.86M,,,,,,179.94M,69.13M,110.81M,,,,,288.32M,100.46M,187.86M,,2005-07,,,0.06,0.06,,0.00,,,,2005-07,1.869B,1.971B,0.015,,2005-07,,
2005-04,3.652B,3.652B,2.789B,863.06M,637.24M,,,,,,,637.24M,225.82M,,,,,,219.78M,84.20M,135.58M,,,,,328.74M,102.92M,225.82M,,2005-04,,,0.07,0.07,,0.00,,,,2005-04,1.908B,1.988B,0.0112,,2005-04,,
2005-01,4.276B,4.276B,3.353B,923.64M,723.59M,,,,,,,723.59M,200.05M,,,,,,195.00M,71.99M,123.01M,,,,,367.27M,167.22M,200.05M,,2005-01,,,0.065,0.065,,0.00,,,,2005-01,1.927B,1.975B,0.0112,,2005-01,,
2004-10,3.817B,3.817B,2.857B,960.24M,625.99M,,,,,,,625.99M,334.26M,,,,,,327.12M,126.27M,200.86M,,,,,405.76M,71.50M,334.26M,,2004-10,,,0.1025,0.1025,,0.00,,,,2004-10,1.938B,2.028B,0.0112,,2004-10,,
2004-07,3.414B,3.414B,2.629B,785.08M,584.75M,,,,,,,584.75M,200.33M,,,,,,193.34M,75.09M,118.24M,,,,,270.28M,69.95M,200.33M,,2004-07,,,0.06,0.06,,0.00,,,,2004-07,1.968B,2.064B,0.0112,,2004-07,,
2004-04,3.353B,3.353B,2.518B,834.39M,553.47M,,,,,,,553.47M,280.92M,,,,,,274.33M,106.22M,168.11M,,,,,351.43M,70.52M,280.92M,,2004-04,,,0.085,0.085,,0.00,,,,2004-04,1.988B,2.086B,0.0088,,2004-04,,
2004-01,4.106B,4.106B,3.133B,973.06M,666.82M,,,,,,,666.82M,306.24M,,,,,,300.42M,110.64M,189.79M,,,,,458.14M,151.91M,306.24M,,2004-01,,,0.095,0.095,,0.00,,,,2004-01,2.004B,2.319B,0.00,,2004-01,,
2003-10,3.387B,3.387B,2.528B,859.40M,552.14M,,,,,,,552.14M,307.26M,,,,,,300.03M,117.20M,182.83M,,,,,373.39M,66.12M,307.26M,,2003-10,,,0.09,0.09,,0.00,,,,2003-10,2.024B,2.044B,0.0088,,2003-10,,
2003-07,3.046B,3.046B,2.327B,719.13M,510.82M,,,,,,,510.82M,208.31M,,,,,,201.08M,77.82M,123.26M,,,,,262.26M,53.95M,208.31M,,2003-07,,,0.06,0.06,,0.00,,,,2003-07,2.054B,2.054B,0.0088,,2003-07,,
2003-04,2.789B,2.789B,2.114B,675.08M,482.89M,,,,,,,482.89M,192.18M,,,,,,185.21M,71.68M,113.53M,,,,,250.38M,58.20M,192.18M,,2003-04,,,0.055,0.055,,0.00,,,,2003-04,2.067B,2.082B,0.0088,,2003-04,,
2003-01,3.505B,3.505B,2.722B,783.60M,527.65M,,,,,,,527.65M,255.96M,,,,,,250.06M,95.75M,154.30M,,,,,310.10M,54.14M,255.96M,,2003-01,,,0.0803,0.0803,,,,,,2003-01,2.140B,2.391B,0.0075,,2003-01,,
2002-10,3.045B,3.045B,2.290B,754.81M,508.34M,,,,,,,508.34M,246.47M,,,,,,239.16M,91.80M,147.36M,,,,,298.71M,52.23M,246.47M,,2002-10,,,0.07,0.07,,0.00,,,,2002-10,2.109B,2.129B,0.0075,,2002-10,,
2002-07,2.765B,2.765B,2.079B,686.35M,469.53M,,,,,,,469.53M,216.82M,,,,,,210.86M,81.24M,129.63M,,,,,268.88M,52.05M,216.82M,,2002-07,,,0.06,0.06,,0.00,,,,2002-07,2.160B,2.160B,0.0075,,2002-07,,
2002-04,2.666B,2.666B,1.989B,676.86M,433.02M,,,,,,,433.02M,243.84M,,,,,,237.65M,90.54M,147.10M,,,,,293.30M,49.46M,243.84M,,2002-04,,,0.0675,0.0675,,0.00,,,,2002-04,2.179B,2.179B,0.0075,,2002-04,,
2002-01,3.209B,3.209B,2.482B,727.11M,467.96M,,,,,,,467.96M,259.15M,,,,,,251.95M,96.63M,155.32M,0.00,,,,310.85M,51.70M,259.15M,,2002-01,,,0.0738,0.0754,,0.0016,,,,2002-01,2.210B,2.494B,0.0056,,2002-01,,
2001-10,2.742B,2.742B,2.060B,681.77M,431.72M,,,,,,,431.72M,250.05M,,,,,,241.52M,92.02M,149.50M,-40.00M,,,,302.56M,52.51M,250.05M,,2001-10,,,0.0688,0.05,,-0.0188,,,,2001-10,2.187B,2.209B,0.0056,,2001-10,,
2001-07,2.488B,2.488B,1.895B,592.92M,406.44M,,,,,,,406.44M,186.48M,,,,,,180.79M,68.88M,111.91M,,,,,237.64M,51.16M,186.48M,,2001-07,,,0.0512,0.0512,,0.00,,,,2001-07,2.210B,2.233B,0.0056,,2001-07,,
2001-04,2.271B,2.271B,1.687B,584.28M,380.27M,,,,,,,380.27M,204.01M,,,,,,199.79M,76.12M,123.67M,,,,,252.72M,48.72M,204.01M,,2001-04,,,0.055,0.055,,0.00,,,,2001-04,2.249B,2.249B,0.0056,,2001-04,,
2001-01,2.751B,2.751B,2.079B,671.97M,414.94M,,,,,,,459.65M,212.33M,,,,,,206.63M,71.45M,135.18M,,,,,257.12M,44.80M,212.33M,,2001-01,,,0.06,0.06,,0.00,,,,2001-01,2.237B,2.248B,0.005,,2001-01,,
2000-10,2.461B,2.461B,1.759B,701.91M,385.67M,,,,,,,433.92M,268.00M,,,,,,258.62M,100.34M,158.27M,,,,,316.25M,48.16M,268.00M,,2000-10,,,0.07,0.07,,0.00,,,,2000-10,2.248B,2.263B,0.01,,2000-10,,
2000-07,2.258B,2.258B,1.660B,598.10M,364.47M,,,,,,,406.70M,191.40M,,,,,,186.33M,72.30M,114.03M,,,,,233.62M,42.22M,191.40M,,2000-07,,,0.0488,0.0488,,0.00,,,,2000-07,2.339B,2.339B,0.005,,2000-07,,
2000-04,2.108B,2.108B,1.513B,594.68M,337.96M,,,,,,,378.56M,216.12M,,,,,,213.37M,82.79M,130.58M,,,,,256.72M,40.60M,216.12M,,2000-04,,,0.055,0.055,,0.00,,,,2000-04,2.374B,2.374B,0.0044,,2000-04,,
2000-01,2.527B,2.527B,1.885B,642.43M,375.19M,,,,,,,419.77M,222.66M,,,,,,220.82M,83.87M,136.95M,,,,,267.24M,44.58M,222.66M,,2000-01,,,0.055,0.0562,,0.0012,,,,2000-01,2.449B,2.469B,0.0044,,2000-01,,
1999-10,2.235B,2.235B,1.606B,628.60M,338.32M,,,,,,,378.13M,250.46M,,,,,,246.19M,94.47M,151.72M,,,,,290.28M,39.81M,250.46M,,1999-10,,,0.06,0.06,,0.00,,,,1999-10,2.506B,2.531B,0.0044,,1999-10,,
1999-07,2.103B,2.103B,1.546B,556.40M,330.48M,,,,,,,369.28M,187.12M,,,,,,185.16M,69.28M,115.88M,,,,,225.92M,38.76M,187.12M,,1999-07,,,0.0462,0.0462,,0.00,,,,1999-07,2.506B,2.575B,0.0044,,1999-07,,
1999-04,1.931B,1.931B,1.382B,548.95M,310.68M,,,,,,,347.91M,201.04M,,,,,,201.77M,79.50M,122.27M,,-5.154M,,,238.27M,37.24M,201.04M,,1999-04,0.00,,0.0475,0.05,,0.0025,-0.0022,,,1999-04,2.342B,2.342B,0.0038,,1999-04,,
1999-01,2.282B,2.282B,1.692B,590.40M,360.30M,,,,,,,396.50M,193.90M,,,,,,195.20M,68.30M,126.90M,0.00,,,0.00,230.10M,36.20M,193.90M,,1999-01,,,0.0488,0.0488,,0.00,,,,1999-01,2.596B,2.696B,0.0038,,1999-01,,
1998-10,2.027B,2.027B,1.446B,580.80M,322.50M,,,,,,,357.20M,223.60M,,,,,,222.10M,88.40M,133.70M,-9.00M,,,1.00M,258.30M,34.70M,223.60M,,1998-10,,,0.0525,0.0488,,-0.0038,,,,1998-10,2.537B,2.604B,0.0038,,1998-10,,
1998-07,1.864B,1.864B,1.386B,478.70M,303.30M,,,,,,,336.30M,142.40M,,,,,,141.00M,56.10M,84.90M,,,,1.20M,175.40M,33.00M,142.40M,,1998-07,,,0.0325,0.0325,,0.00,,,,1998-07,2.575B,2.678B,0.0038,,1998-07,,
