,OperatingRevenue,Revenue,CostofGoodsSold,GrossProfit,SG&AExpense,SpecialIncomeandCharges,OperatingInterestExpense,OperatingInterestIncome,NetOperatingInterestIncome,TotalOperatingExpenses,OperatingIncome,Non-OperatingInterestIncome,Non-OperatingInterestExpense,NetNon-OperatingInterestIncomeExpense,OtherIncomeandExpenses,NetInterestIncome,Pre-TaxIncome,ProvisionforIncomeTaxes,IncomefromContinuingOperations,IncomefromDiscontinuedOperations,"ExtraordinaryItems,IncomeStatement",IncomeAttributabletoMinorityInterest,PreferredStockDividend,NetIncome,NormalizedIncome,EBIT,,BasicEPS(Quarterly),EPSBasicfromContinuingOperations,EPSBasicfromDiscontinuedOperations,EPSBasic,,DilutedEPS(Quarterly),EPSDilutedfromContinuingOperations,EPSDilutedfromDiscontinuedOperations,EPSDiluted,,SharesData(Quarterly),DividendPerShare,,SECFilingLinks,AsOriginallyReported,Restated
2020-08,2.679B,2.679B,1.869B,810.20M,300.30M,,114.50M,0.80M,-113.70M,300.30M,509.90M,0.80M,114.50M,-113.70M,13.80M,-113.70M,410.00M,86.70M,329.80M,,,-0.80M,,329.00M,329.00M,524.50M,,2020-08,0.67,,0.67,,2020-08,0.67,,0.67,,2020-08,0.2125,,2020-08,AOR,
2020-05,3.288B,3.288B,2.365B,922.80M,532.00M,,126.10M,0.80M,-125.30M,532.00M,390.80M,0.80M,126.10M,-125.30M,-27.30M,-125.30M,238.20M,59.80M,201.30M,0.00,,0.10M,,201.40M,201.40M,364.30M,,2020-05,0.41,0.00,0.41,,2020-05,0.41,0.00,0.41,,2020-05,0.2125,,2020-05,AOR,
2020-02,2.555B,2.555B,1.871B,684.40M,319.90M,,119.00M,1.30M,-117.70M,319.90M,364.50M,1.30M,119.00M,-117.70M,16.40M,-117.70M,263.20M,68.90M,204.70M,0.00,,-0.30M,,204.40M,204.40M,382.20M,,2020-02,0.42,0.00,0.42,,2020-02,0.42,0.00,0.42,,2020-02,0.2125,,2020-02,AOR,
2019-11,2.821B,2.821B,2.023B,797.90M,369.80M,,121.80M,0.40M,-121.40M,369.80M,428.10M,0.40M,121.80M,-121.40M,11.30M,-121.40M,318.00M,84.10M,261.50M,0.00,,-1.00M,,260.50M,260.50M,439.80M,,2019-11,0.53,0.00,0.53,,2019-11,0.53,0.00,0.53,,2019-11,0.2125,,2019-11,AOR,
2019-08,2.391B,2.391B,1.726B,664.50M,400.80M,,123.30M,0.60M,-122.70M,400.80M,263.70M,0.60M,123.30M,-122.70M,9.50M,-122.70M,150.50M,-11.50M,174.30M,,,-0.50M,,173.80M,173.80M,273.80M,,2019-08,0.36,,0.36,,2019-08,0.36,,0.36,,2019-08,0.2125,,2019-08,AOR,Restated
2019-05,2.613B,2.613B,1.905B,708.00M,394.70M,,132.70M,1.80M,-130.90M,394.70M,313.30M,1.80M,132.70M,-130.90M,5.40M,-130.90M,187.80M,71.80M,125.20M,0.00,,1.30M,,126.50M,126.50M,320.50M,,2019-05,0.26,0.00,0.26,,2019-05,0.26,0.00,0.26,,2019-05,0.2125,,2019-05,AOR,Restated
2019-02,2.707B,2.707B,1.955B,752.30M,334.10M,,132.80M,1.90M,-130.90M,334.10M,418.20M,1.90M,132.80M,-130.90M,9.80M,-130.90M,297.10M,67.20M,242.60M,0.00,,-0.60M,,242.00M,242.00M,429.90M,,2019-02,0.50,0.00,0.50,,2019-02,0.50,0.00,0.50,,2019-02,0.2125,,2019-02,AOR,Restated
2018-11,2.384B,2.384B,1.706B,677.20M,487.30M,,83.10M,2.50M,-80.60M,487.30M,189.90M,2.50M,83.10M,-80.60M,9.70M,-80.60M,119.00M,22.40M,134.30M,-1.90M,,-0.80M,,131.60M,133.50M,202.10M,,2018-11,0.32,-0.01,0.31,,2018-11,0.32,-0.01,0.31,,2018-11,0.2125,,2018-11,AOR,Restated
2018-08,1.834B,1.834B,1.319B,515.50M,257.30M,,49.60M,0.60M,-49.00M,257.30M,258.20M,0.60M,49.60M,-49.00M,10.20M,-49.00M,219.40M,57.40M,178.20M,,,0.00,,178.20M,178.20M,269.00M,,2018-08,0.45,,0.45,,2018-08,0.45,,0.45,,2018-08,0.2125,,2018-08,AOR,Restated
2018-05,1.966B,1.966B,1.391B,575.40M,461.90M,,45.50M,1.00M,-44.50M,461.90M,113.50M,1.00M,45.50M,-44.50M,20.40M,-44.50M,89.40M,36.50M,70.60M,-0.30M,,-0.70M,,69.60M,69.90M,134.90M,,2018-05,0.18,0.00,0.18,,2018-05,0.18,0.00,0.18,,2018-05,0.2125,,2018-05,AOR,Restated
2018-02,1.994B,1.994B,1.396B,598.80M,352.10M,,40.60M,0.80M,-39.80M,352.10M,246.70M,0.80M,40.60M,-39.80M,21.90M,-39.80M,228.80M,-91.40M,349.20M,14.50M,,-0.90M,,362.80M,348.30M,269.40M,,2018-02,0.87,0.04,0.91,,2018-02,0.87,0.03,0.90,,2018-02,0.2125,,2018-02,AOR,Restated
2017-11,2.173B,2.173B,1.515B,658.30M,324.80M,,39.10M,1.10M,-38.00M,324.80M,333.50M,1.10M,39.10M,-38.00M,17.50M,-38.00M,313.00M,109.50M,224.10M,0.40M,,-1.00M,,223.50M,223.10M,352.10M,,2017-11,0.55,0.00,0.55,,2017-11,0.54,0.00,0.54,,2017-11,0.2125,,2017-11,AOR,Restated
2017-08,1.804B,1.804B,1.285B,519.00M,259.60M,,37.30M,0.90M,-36.40M,259.60M,259.40M,0.90M,37.30M,-36.40M,20.60M,-36.40M,243.60M,120.00M,153.60M,-0.30M,,-0.80M,,152.50M,152.80M,280.90M,,2017-08,0.37,0.00,0.37,,2017-08,0.36,0.00,0.36,,2017-08,0.2125,,2017-08,AOR,Restated
2017-05,1.862B,1.862B,1.331B,530.70M,474.70M,,38.40M,0.90M,-37.50M,474.70M,56.00M,0.90M,38.40M,-37.50M,,-37.50M,73.70M,-60.80M,153.60M,-1.70M,,-0.60M,,151.30M,153.00M,112.10M,,2017-05,0.36,0.00,0.36,,2017-05,0.36,0.00,0.36,,2017-05,0.20,,2017-05,AOR,Restated
2017-02,1.981B,1.981B,1.360B,621.00M,349.70M,,47.00M,1.30M,-45.70M,349.70M,271.30M,1.30M,47.00M,-45.70M,,-45.70M,225.60M,67.90M,179.50M,0.70M,,-0.50M,,179.70M,179.00M,272.60M,,2017-02,0.41,0.01,0.42,,2017-02,0.41,0.00,0.41,,2017-02,0.20,,2017-02,AOR,Restated
2016-11,2.088B,2.088B,1.441B,647.50M,417.90M,,54.90M,0.80M,-54.10M,417.90M,229.60M,0.80M,54.90M,-54.10M,,-54.10M,175.50M,78.40M,114.30M,11.60M,,-3.80M,,122.10M,110.50M,230.40M,,2016-11,0.26,0.02,0.28,,2016-11,0.26,0.02,0.28,,2016-11,0.25,,2016-11,AOR,Restated
2016-08,1.896B,1.896B,1.351B,544.60M,231.70M,,58.90M,0.70M,-58.20M,231.70M,312.90M,0.70M,58.90M,-58.20M,,-58.20M,254.70M,169.20M,98.60M,91.40M,,-3.80M,,186.20M,94.80M,313.60M,,2016-08,0.22,0.20,0.42,,2016-08,0.22,0.20,0.42,,2016-08,0.25,,2016-08,AOR,Restated
2016-05,2.053B,2.053B,1.473B,580.10M,731.60M,,60.70M,0.60M,-60.10M,731.60M,-151.50M,0.60M,60.70M,-60.10M,,-60.10M,-211.60M,-79.60M,-116.60M,237.50M,,-3.30M,,117.60M,-119.90M,-150.90M,,2016-05,-0.07,0.34,0.27,,2016-05,-0.07,0.34,0.27,,2016-05,0.25,,2016-05,AOR,Restated
2016-02,2.199B,2.199B,1.580B,619.80M,447.00M,,76.90M,0.50M,-76.40M,447.00M,172.80M,0.50M,76.90M,-76.40M,,-76.40M,96.40M,33.60M,71.40M,134.90M,,-1.70M,,204.60M,69.70M,173.30M,,2016-02,0.16,0.30,0.46,,2016-02,0.16,0.30,0.46,,2016-02,0.25,,2016-02,AOR,Restated
2015-11,2.359B,2.359B,1.691B,668.00M,483.20M,,79.20M,0.00,-79.20M,483.20M,184.80M,0.00,79.20M,-79.20M,,-79.20M,105.60M,43.10M,80.10M,79.20M,,-4.40M,,154.90M,75.70M,184.80M,,2015-11,0.18,0.18,0.36,,2015-11,0.18,0.17,0.35,,2015-11,0.25,,2015-11,AOR,Restated
2015-08,2.795B,2.795B,2.094B,701.10M,405.40M,,80.50M,0.20M,-80.30M,405.40M,295.70M,0.20M,80.50M,-80.30M,,-80.30M,215.40M,85.00M,167.40M,-1.320B,,-1.70M,,-1.154B,165.70M,295.90M,,2015-08,0.38,-3.06,-2.68,,2015-08,0.38,-3.06,-2.68,,2015-08,0.25,,2015-08,AOR,Restated
2015-05,222.50M,222.50M,-4.70M,227.20M,237.30M,,86.40M,0.00,-86.40M,237.30M,-10.10M,0.00,86.40M,-86.40M,,-86.40M,-96.50M,-35.20M,-74.50M,286.00M,,-2.30M,,209.20M,-76.80M,-10.10M,,2015-05,0.48,0.01,0.49,,2015-05,0.47,0.01,0.48,,2015-05,0.25,,2015-05,AOR,Restated
2015-02,2.907B,2.907B,2.187B,720.00M,360.30M,,80.00M,0.20M,-79.80M,360.30M,359.70M,0.20M,80.00M,-79.80M,,-79.80M,279.90M,100.60M,212.30M,-1.165B,,-1.40M,,-954.10M,210.90M,359.90M,,2015-02,0.49,-2.72,-2.23,,2015-02,0.49,-2.72,-2.23,,2015-02,0.25,,2015-02,AOR,Restated
2014-11,3.136B,3.136B,2.379B,757.30M,392.00M,,79.00M,0.30M,-78.70M,392.00M,365.30M,0.30M,79.00M,-78.70M,,-78.70M,286.60M,101.90M,218.70M,-202.80M,,-5.90M,,10.00M,212.80M,365.60M,,2014-11,0.50,-0.48,0.02,,2014-11,0.49,-0.48,0.02,,2014-11,0.25,,2014-11,AOR,Restated
2014-08,2.763B,2.763B,2.172B,590.80M,393.80M,,83.80M,0.50M,-83.30M,393.80M,197.00M,0.50M,83.80M,-83.30M,,-83.30M,113.70M,43.10M,96.20M,388.30M,,-2.20M,,482.30M,94.00M,197.50M,,2014-08,0.22,0.92,1.14,,2014-08,0.22,0.90,1.12,,2014-08,0.25,,2014-08,AOR,Restated
2014-05,-46.00M,-46.00M,-298.40M,252.40M,152.80M,,91.90M,0.70M,-91.20M,152.80M,99.60M,0.70M,91.90M,-91.20M,,-91.20M,8.40M,-34.80M,55.30M,-376.70M,,-2.80M,,-324.20M,52.50M,100.30M,,2014-05,-0.76,-0.01,-0.77,,2014-05,-0.76,-0.01,-0.77,,2014-05,0.25,,2014-05,AOR,Restated
2014-02,3.947B,3.947B,3.024B,923.10M,534.90M,,95.30M,0.30M,-95.00M,534.90M,388.20M,0.30M,95.30M,-95.00M,,-95.00M,293.20M,78.20M,226.10M,10.80M,,-2.60M,,234.30M,223.50M,388.50M,,2014-02,0.53,0.03,0.56,,2014-02,0.52,0.03,0.55,,2014-02,0.25,,2014-02,AOR,Restated
2013-11,4.221B,4.221B,3.261B,959.80M,553.10M,,96.30M,0.80M,-95.50M,553.10M,406.70M,0.80M,96.30M,-95.50M,,-95.50M,311.20M,106.00M,210.40M,42.00M,,-3.70M,,248.70M,206.70M,407.50M,,2013-11,0.49,0.10,0.59,,2013-11,0.48,0.10,0.58,,2013-11,0.25,,2013-11,AOR,Restated
2013-08,3.716B,3.716B,2.924B,792.10M,538.10M,,96.30M,0.50M,-95.80M,538.10M,254.00M,0.50M,96.30M,-95.80M,,-95.80M,158.20M,28.90M,133.40M,13.80M,,-2.90M,,144.30M,130.50M,254.50M,,2013-08,0.31,0.03,0.34,,2013-08,0.30,0.03,0.34,,2013-08,0.25,,2013-08,AOR,Restated
2013-05,2.606B,2.606B,1.842B,763.80M,509.90M,,103.40M,0.50M,-102.90M,509.90M,253.90M,0.50M,103.40M,-102.90M,,-102.90M,151.00M,50.70M,105.40M,88.60M,,-1.80M,,192.20M,103.60M,254.40M,,2013-05,0.46,0.21,0.46,,2013-05,0.45,0.21,0.45,,2013-05,0.25,,2013-05,AOR,Restated
2013-02,3.834B,3.834B,2.963B,870.90M,611.70M,,71.50M,0.90M,-70.60M,611.70M,259.20M,0.90M,71.50M,-70.60M,,-70.60M,188.60M,77.70M,122.90M,0.50M,,-3.40M,,120.00M,119.50M,260.10M,,2013-02,0.29,0.00,0.29,,2013-02,0.28,0.00,0.29,,2013-02,0.25,,2013-02,AOR,Restated
2012-11,3.727B,3.727B,2.866B,861.60M,493.80M,,54.10M,0.70M,-53.40M,493.80M,367.80M,0.70M,54.10M,-53.40M,,-53.40M,314.40M,109.70M,217.50M,-1.00M,,-4.90M,,211.60M,212.60M,368.50M,,2012-11,0.52,0.00,0.52,,2012-11,0.52,-0.01,0.51,,2012-11,0.25,,2012-11,AOR,Restated
2012-08,3.302B,3.302B,2.434B,868.60M,450.50M,,50.10M,0.80M,-49.30M,450.50M,418.10M,0.80M,50.10M,-49.30M,,-49.30M,368.80M,123.80M,252.60M,-0.40M,,-2.10M,,250.10M,250.50M,418.90M,,2012-08,0.61,0.00,0.61,,2012-08,0.61,0.00,0.61,,2012-08,0.24,,2012-08,AOR,Restated
2012-05,3.398B,3.398B,2.736B,662.40M,778.10M,,51.60M,0.80M,-50.80M,778.10M,-115.70M,0.80M,51.60M,-50.80M,,-50.80M,-166.50M,-62.00M,-89.90M,6.40M,,-2.70M,,-86.20M,-92.60M,-114.90M,,2012-05,-0.2268,0.0198,-0.21,,2012-05,-0.2268,0.0198,-0.21,,2012-05,0.24,,2012-05,AOR,Restated
2012-02,3.396B,3.396B,2.609B,786.60M,356.70M,,50.70M,1.00M,-49.70M,356.70M,429.90M,1.00M,50.70M,-49.70M,,-49.70M,380.20M,112.10M,280.70M,0.00,,-0.60M,,280.10M,280.10M,430.90M,,2012-02,0.6758,0.00,0.68,,2012-02,0.6667,0.00,0.67,,2012-02,0.24,,2012-02,AOR,Restated
2011-11,3.432B,3.432B,2.678B,754.00M,438.90M,,51.50M,0.90M,-50.60M,438.90M,315.10M,0.90M,51.50M,-50.60M,,-50.60M,264.50M,92.90M,183.10M,0.00,,-2.90M,,180.20M,180.20M,316.00M,,2011-11,0.43,0.00,0.43,,2011-11,0.43,0.00,0.43,,2011-11,0.24,,2011-11,AOR,Restated
2011-08,3.105B,3.105B,2.509B,596.00M,406.60M,,54.20M,1.30M,-52.90M,406.60M,189.40M,1.30M,54.20M,-52.90M,,-52.90M,136.50M,48.70M,94.00M,0.10M,,-0.30M,,93.80M,93.70M,190.70M,,2011-08,0.23,0.00,0.23,,2011-08,0.22,0.00,0.22,,2011-08,0.23,,2011-08,AOR,Restated
2011-05,3.293B,3.293B,2.599B,694.00M,256.60M,,55.80M,0.90M,-54.90M,256.60M,437.40M,0.90M,55.80M,-54.90M,,-54.90M,382.50M,130.80M,260.70M,-4.50M,,-0.70M,,255.50M,260.00M,438.30M,,2011-05,0.62,-0.01,0.61,,2011-05,0.61,-0.01,0.61,,2011-05,0.23,,2011-05,AOR,Restated
2011-02,3.141B,3.141B,2.344B,797.30M,404.10M,,54.10M,2.50M,-51.60M,404.10M,393.20M,2.50M,54.10M,-51.60M,,-51.60M,341.60M,122.50M,225.70M,-10.60M,,-0.30M,,214.80M,225.40M,395.70M,,2011-02,0.53,-0.03,0.50,,2011-02,0.52,-0.03,0.50,,2011-02,0.23,,2011-02,AOR,Restated
2010-11,3.148B,3.148B,2.388B,760.00M,428.30M,,53.10M,19.40M,-33.70M,428.30M,331.70M,19.40M,53.10M,-33.70M,,-33.70M,298.00M,101.40M,201.20M,0.60M,,-0.90M,,200.90M,200.30M,351.10M,,2010-11,0.46,0.00,0.46,,2010-11,0.45,0.00,0.45,,2010-11,0.23,,2010-11,AOR,Restated
2010-08,2.804B,2.804B,2.153B,651.30M,410.00M,,56.70M,19.40M,-37.30M,410.00M,241.30M,19.40M,56.70M,-37.30M,,-37.30M,204.00M,66.90M,143.30M,3.00M,,0.10M,,146.40M,143.40M,260.70M,,2010-08,0.32,0.01,0.33,,2010-08,0.32,0.01,0.33,,2010-08,0.20,,2010-08,AOR,Restated
2010-05,2.998B,2.998B,2.264B,733.80M,523.20M,,61.60M,22.80M,-38.80M,523.20M,210.60M,22.80M,61.60M,-38.80M,,-38.80M,171.80M,55.40M,120.80M,-30.60M,,0.40M,,90.60M,121.20M,233.40M,,2010-05,0.28,-0.08,0.20,,2010-05,0.27,-0.08,0.20,,2010-05,0.20,,2010-05,AOR,Restated
2010-02,3.030B,3.030B,2.252B,778.60M,418.20M,,61.20M,21.50M,-39.70M,418.20M,360.40M,21.50M,61.20M,-39.70M,,-39.70M,320.70M,102.60M,221.00M,7.70M,,0.90M,,229.60M,221.90M,381.90M,,2010-02,0.50,0.02,0.52,,2010-02,0.49,0.02,0.51,,2010-02,0.20,,2010-02,AOR,Restated
2009-11,3.100B,3.100B,2.258B,842.60M,456.10M,,61.10M,20.60M,-40.50M,456.10M,386.50M,20.60M,61.10M,-40.50M,,-40.50M,346.00M,114.10M,237.80M,1.40M,,0.50M,,239.70M,238.30M,407.10M,,2009-11,0.54,0.00,0.54,,2009-11,0.53,0.00,0.54,,2009-11,0.20,,2009-11,AOR,Restated
2009-08,2.886B,2.886B,2.180B,706.20M,421.90M,,61.70M,20.30M,-41.40M,421.90M,284.30M,20.30M,61.70M,-41.40M,,-41.40M,242.90M,88.80M,163.00M,2.20M,,0.70M,,165.90M,163.70M,304.60M,,2009-08,0.37,0.00,0.37,,2009-08,0.37,0.00,0.37,,2009-08,0.19,,2009-08,AOR,Restated
2009-05,2.993B,2.993B,2.228B,764.60M,501.20M,,,,-51.20M,501.20M,263.40M,,,-51.20M,,-51.20M,236.20M,76.00M,146.30M,28.60M,,-0.20M,,174.70M,146.10M,263.40M,,2009-05,0.33,0.06,0.39,,2009-05,0.33,0.06,0.39,,2009-05,0.19,,2009-05,AOR,Restated
2009-02,3.125B,3.125B,2.386B,739.40M,424.70M,,,,-42.00M,424.70M,314.70M,,,-42.00M,,-42.00M,272.70M,92.00M,191.80M,1.40M,,0.00,,193.20M,191.80M,314.70M,,2009-02,0.43,0.00,0.43,,2009-02,0.43,0.00,0.43,,2009-02,0.19,,2009-02,,Restated
2008-11,3.252B,3.252B,2.565B,686.50M,389.00M,,,,-42.70M,389.00M,297.50M,,,-42.70M,,-42.70M,254.80M,84.60M,172.10M,-3.60M,,-0.40M,,168.10M,171.70M,297.50M,,2008-11,0.38,0.00,0.38,,2008-11,0.38,-0.01,0.37,,2008-11,0.19,,2008-11,,Restated
2008-08,3.056B,3.056B,2.465B,591.50M,368.70M,,,,-50.10M,368.70M,222.80M,,,-50.10M,,-50.10M,172.70M,66.00M,107.60M,334.80M,,0.00,,442.40M,107.60M,222.80M,,2008-08,0.23,0.72,0.95,,2008-08,0.23,0.71,0.94,,2008-08,0.19,,2008-08,,Restated
2008-05,1.568B,1.568B,1.487B,81.90M,337.50M,,,,,337.50M,-255.60M,,,,,,-274.30M,-144.50M,-210.50M,411.80M,,,,201.30M,-210.50M,-255.60M,,2008-05,-0.43,0.85,0.42,,2008-05,-0.43,0.84,0.42,,2008-05,0.19,,2008-05,,Restated
2008-02,3.528B,3.528B,2.555B,973.00M,494.60M,,,,,494.60M,478.40M,,,,45.30M,,416.30M,151.50M,310.10M,-1.00M,,,,309.10M,310.10M,478.40M,,2008-02,0.64,-0.01,0.63,,2008-02,0.63,-0.01,0.63,,2008-02,0.19,,2008-02,,
2007-11,2.951B,2.951B,2.209B,742.20M,489.30M,,,,,489.30M,252.90M,,,,12.50M,,190.70M,68.60M,134.60M,110.20M,,,,244.80M,134.60M,252.90M,,2007-11,0.28,0.22,0.50,,2007-11,0.27,0.22,0.50,,2007-11,0.19,,2007-11,,
2007-08,2.621B,2.621B,2.002B,618.80M,381.50M,,,,,381.50M,237.30M,,,,9.60M,,182.50M,61.10M,131.00M,44.40M,,,,175.40M,131.00M,237.30M,,2007-08,0.27,0.09,0.36,,2007-08,0.27,0.09,0.36,,2007-08,0.18,,2007-08,,
2007-05,1.836B,1.836B,1.391B,444.70M,436.30M,,,,,436.30M,8.40M,,,,4.00M,,-44.90M,-26.90M,-14.00M,206.00M,,,,192.00M,-14.00M,8.40M,,2007-05,-0.02,0.41,0.39,,2007-05,-0.02,0.41,0.39,,2007-05,0.18,,2007-05,,
2007-02,2.918B,2.918B,2.143B,775.00M,450.20M,,,,,450.20M,324.80M,,,,9.60M,,268.70M,91.80M,186.50M,6.10M,,,,192.60M,186.50M,324.80M,,2007-02,0.37,0.01,0.38,,2007-02,0.37,0.01,0.38,,2007-02,0.18,,2007-02,,
2006-11,3.089B,3.089B,2.278B,810.30M,450.40M,,,,,450.40M,359.90M,,,,12.60M,,307.80M,119.10M,201.30M,12.00M,,,,213.30M,201.30M,359.90M,,2006-11,0.40,0.02,0.42,,2006-11,0.39,0.02,0.42,,2006-11,0.18,,2006-11,,
2006-08,2.689B,2.689B,2.026B,663.00M,437.20M,,,,,437.20M,225.80M,,,,2.20M,,167.80M,61.50M,108.50M,58.20M,,,,166.70M,108.50M,225.80M,,2006-08,0.21,0.12,0.33,,2006-08,0.21,0.12,0.33,,2006-08,0.18,,2006-08,,
2006-05,1.714B,1.714B,1.294B,419.80M,460.30M,0.00,,,,460.30M,-40.50M,,,,-27.00M,,-102.20M,-59.70M,-69.50M,128.70M,,,,59.20M,-69.50M,-40.50M,,2006-05,-0.14,0.25,0.11,,2006-05,-0.14,0.25,0.11,,2006-05,0.18,,2006-05,,
2006-02,2.862B,2.862B,2.142B,719.40M,514.70M,,,,,514.70M,204.70M,,,,-0.60M,,135.90M,37.60M,97.70M,-122.90M,,,,-25.20M,97.70M,204.70M,,2006-02,0.19,-0.24,-0.05,,2006-02,0.19,-0.24,-0.05,,2006-02,0.2725,,2006-02,,
2005-11,3.002B,3.002B,2.271B,731.40M,450.40M,,,,,450.40M,281.00M,,,,-16.70M,,212.40M,79.50M,116.20M,36.30M,,,,152.50M,116.20M,281.00M,,2005-11,0.22,0.07,0.29,,2005-11,0.22,0.07,0.29,,2005-11,0.2725,,2005-11,,
2005-08,2.674B,2.674B,2.003B,670.70M,417.00M,329.40M,,,,417.00M,253.70M,,,,315.50M,,510.70M,177.60M,319.20M,28.10M,,,,347.30M,104.35M,253.70M,,2005-08,0.62,0.05,0.67,,2005-08,0.61,0.05,0.67,,2005-08,0.2725,,2005-08,,
2005-05,2.879B,2.879B,2.189B,689.90M,471.00M,0.00,,,,471.00M,218.90M,,,,9.90M,,132.20M,61.90M,80.20M,21.60M,,,,101.80M,80.20M,218.90M,,2005-05,0.31,-0.12,0.19,,2005-05,0.31,-0.12,0.19,,2005-05,0.2725,,2005-05,,
2005-02,3.570B,3.570B,2.804B,766.40M,505.90M,185.70M,,,,505.90M,260.50M,,,,121.70M,,378.10M,149.60M,164.50M,0.80M,,,,165.30M,52.27M,260.50M,,2005-02,0.31,0.01,0.32,,2005-02,0.31,0.01,0.32,,2005-02,0.2725,,2005-02,,
2004-11,4.009B,4.009B,3.108B,901.00M,433.40M,,,,,433.40M,467.60M,,,,15.10M,,381.80M,151.30M,245.60M,-6.00M,,,,239.60M,245.60M,467.60M,,2004-11,0.48,-0.01,0.47,,2004-11,0.47,-0.01,0.46,,2004-11,0.2725,,2004-11,,
2004-08,3.383B,3.383B,2.700B,682.80M,410.10M,,,,,410.10M,272.70M,,,,14.10M,,199.30M,81.00M,132.40M,2.30M,,,,134.70M,132.40M,272.70M,,2004-08,0.26,0.00,0.26,,2004-08,0.26,0.00,0.26,,2004-08,0.26,,2004-08,,
2004-05,366.60M,366.60M,-38.90M,405.50M,329.70M,,,,,329.70M,75.80M,,,,14.10M,,-3.70M,42.10M,-31.70M,200.80M,0.00,,,169.10M,-31.70M,75.80M,,2004-05,0.47,-0.16,0.33,,2004-05,0.46,-0.16,0.32,,2004-05,0.26,,2004-05,,
2004-02,3.526B,3.526B,2.725B,800.20M,426.20M,,,,,426.20M,374.00M,,,,1.90M,,312.20M,110.30M,203.80M,12.90M,-1.40M,,,215.30M,203.80M,374.00M,,2004-02,0.39,0.02,0.41,,2004-02,0.38,0.02,0.40,,2004-02,0.26,,2004-02,,
2003-11,3.805B,3.805B,2.908B,896.30M,477.70M,,,,,477.70M,418.60M,,,,16.30M,,366.70M,128.80M,237.90M,32.20M,,,,270.10M,237.90M,418.60M,,2003-11,0.45,0.06,0.51,,2003-11,0.45,0.06,0.51,,2003-11,0.26,,2003-11,,
2003-08,3.229B,3.229B,2.545B,684.20M,464.00M,,,,,464.00M,220.20M,,,,11.20M,,166.00M,-1.30M,167.30M,39.30M,-11.70M,,,194.90M,167.30M,220.20M,,2003-08,0.32,0.07,0.37,,2003-08,0.32,0.07,0.37,,2003-08,0.2475,,2003-08,,
2003-05,3.026B,3.026B,2.242B,785.00M,414.70M,,,,,414.70M,370.30M,,,,19.10M,,285.10M,115.80M,215.50M,-76.10M,0.00,,,139.40M,215.50M,370.30M,,2003-05,-0.10,0.37,0.26,,2003-05,-0.10,0.37,0.26,,2003-05,0.2475,,2003-05,,
2003-02,3.614B,3.614B,2.774B,839.90M,482.60M,,,,,482.60M,357.30M,,,,11.80M,,305.50M,105.20M,200.30M,-39.30M,,,,161.00M,200.30M,357.30M,,2003-02,0.38,-0.08,0.30,,2003-02,0.38,-0.08,0.30,,2003-02,0.2475,,2003-02,,
2002-11,4.451B,4.451B,3.529B,921.40M,534.20M,,,,,534.20M,387.20M,,,,7.40M,,324.60M,116.20M,208.40M,27.40M,,,,235.80M,208.40M,387.20M,,2002-11,0.39,0.00,0.39,,2002-11,0.38,0.00,0.38,,2002-11,0.2475,,2002-11,,
2002-08,7.063B,7.063B,6.043B,1.020B,581.80M,,,,,581.80M,438.70M,,,,,,355.10M,131.40M,223.70M,,3.90M,,,227.60M,223.70M,438.70M,,2002-08,0.42,0.01,0.43,,2002-08,0.42,0.01,0.43,,2002-08,0.235,,2002-08,,
2002-05,1.119B,1.119B,669.10M,450.30M,116.90M,,,,,116.90M,333.40M,,,,,,265.50M,95.90M,169.60M,,0.00,,,192.20M,169.60M,333.40M,,2002-05,0.34,0.03,0.37,,2002-05,0.33,0.03,0.36,,2002-05,0.235,,2002-05,,
2002-02,6.245B,6.245B,5.291B,953.90M,583.30M,,,,,583.30M,370.60M,,,,,,276.50M,105.70M,170.80M,,,,,170.80M,170.80M,370.60M,,2002-02,0.31,0.00,0.31,,2002-02,0.31,0.00,0.31,,2002-02,0.235,,2002-02,,
2001-11,7.364B,7.364B,6.263B,1.100B,627.00M,,,,,627.00M,473.30M,,,,,,373.50M,141.90M,231.60M,,,,,231.60M,231.60M,473.30M,,2001-11,0.44,0.00,0.44,,2001-11,0.44,0.00,0.44,,2001-11,0.235,,2001-11,,
2001-08,7.608B,7.608B,6.552B,1.056B,644.80M,,,,,644.80M,411.20M,,,,,,307.10M,116.70M,190.40M,,-2.00M,,,188.40M,190.40M,411.20M,,2001-08,0.36,0.00,0.36,,2001-08,0.36,0.00,0.36,,2001-08,0.225,,2001-08,,
2001-05,4.388B,4.388B,3.505B,882.50M,617.40M,,,,,617.40M,265.10M,,,,,,165.80M,64.00M,121.30M,,0.00,,,121.40M,121.30M,265.10M,,2001-05,0.18,0.05,0.23,,2001-05,0.18,0.05,0.23,,2001-05,0.225,,2001-05,,
2001-02,6.379B,6.379B,5.457B,922.10M,603.10M,,,,,603.10M,319.00M,,,,,,188.10M,72.30M,115.80M,,,,,115.80M,115.80M,319.00M,,2001-02,0.22,0.00,0.22,,2001-02,0.22,0.00,0.22,,2001-02,0.225,,2001-02,,
2000-11,7.232B,7.232B,6.128B,1.104B,528.90M,,,,,528.90M,575.10M,,,,,,457.70M,176.50M,281.20M,,,,,281.20M,281.20M,575.10M,,2000-11,0.54,0.00,0.54,,2000-11,0.54,0.00,0.54,,2000-11,0.225,,2000-11,,
2000-08,6.802B,6.802B,5.621B,1.180B,735.10M,,,,,868.50M,311.80M,,,,,,235.70M,89.60M,146.10M,,,,,146.10M,146.10M,311.80M,,2000-08,0.31,0.00,0.31,,2000-08,0.30,0.00,0.30,,2000-08,0.2035,,2000-08,,
2000-05,6.227B,6.227B,6.010B,216.90M,353.30M,-260.80M,,,,-33.40M,250.30M,,,,-260.80M,,-80.00M,-29.80M,-50.20M,,,,,-50.20M,113.45M,250.30M,,2000-05,-0.20,0.09,-0.11,,2000-05,-0.20,0.09,-0.11,,2000-05,0.2035,,2000-05,,
2000-02,5.905B,5.905B,4.892B,1.013B,542.10M,-27.70M,,,,673.10M,339.70M,,,,-27.70M,,231.30M,87.90M,143.40M,,,,,143.40M,160.57M,339.70M,,2000-02,0.30,0.00,0.30,,2000-02,0.30,0.00,0.30,,2000-02,0.2035,,2000-02,,
1999-11,6.603B,6.603B,5.335B,1.268B,731.80M,-30.20M,,,,857.80M,409.80M,,,,-30.20M,,302.10M,114.80M,187.30M,,,,,187.30M,206.02M,409.80M,,1999-11,0.39,0.00,0.39,,1999-11,0.39,0.00,0.39,,1999-11,0.2035,,1999-11,,
1999-08,6.594B,6.594B,5.487B,1.107B,732.30M,-3.50M,,,,862.80M,243.90M,,,,-3.50M,,164.20M,62.40M,101.80M,,,,,101.80M,103.97M,243.90M,,1999-08,0.22,0.00,0.22,,1999-08,0.21,0.00,0.21,,1999-08,0.1785,,1999-08,,
1999-05,6.263B,6.263B,6.363B,-99.40M,-51.70M,,,,,-424.50M,325.10M,,,,,,-176.90M,-7.40M,-169.50M,,,,,-169.50M,-169.50M,325.10M,,1999-05,-0.40,,-0.40,,1999-05,-0.40,,-0.40,,1999-05,0.1785,,1999-05,,
1999-02,5.693B,5.693B,4.558B,1.135B,640.40M,,,,,768.20M,366.70M,,,,,,278.70M,107.30M,171.40M,,,,,171.40M,171.40M,366.70M,,1999-02,0.36,0.00,0.36,,1999-02,0.36,0.00,0.36,,1999-02,0.1785,,1999-02,,
1998-11,6.404B,6.404B,5.174B,1.231B,658.90M,,,,,783.80M,447.00M,,,,,,356.00M,137.00M,219.00M,,,,,219.00M,219.00M,447.00M,,1998-11,0.47,0.00,0.47,,1998-11,0.46,0.00,0.46,,1998-11,0.1785,,1998-11,,
1998-08,6.483B,6.483B,5.446B,1.038B,663.30M,,,,,783.40M,254.20M,,,,,,177.80M,68.50M,109.30M,,,,,109.30M,109.30M,254.20M,,1998-08,0.23,0.00,0.23,,1998-08,0.23,0.00,0.23,,1998-08,0.1563,,1998-08,,
1998-05,6.266B,6.266B,5.824B,441.80M,56.80M,,,,,101.70M,340.10M,,,,,,264.70M,101.60M,163.10M,,0.00,,,163.10M,163.10M,340.10M,,1998-05,0.37,0.00,0.37,,1998-05,0.36,0.00,0.36,,1998-05,0.1563,,1998-05,,
