,OperatingRevenue,Revenue,CostofGoodsSold,GrossProfit,GeneralandAdministrativeExpense,SG&AExpense,ResearchandDevelopmentExpense,AmortizationExpense,InvestmentWriteOff,SpecialIncomeandCharges,NonIncomeTaxes,OperatingInterestExpense,OperatingInterestIncome,NetOperatingInterestIncome,OtherOperatingExpenses,TotalOperatingExpenses,OperatingIncome,Non-OperatingInterestIncome,Non-OperatingInterestExpense,NetNon-OperatingInterestIncomeExpense,OtherIncomeandExpenses,NetInterestIncome,Pre-TaxIncome,ProvisionforIncomeTaxes,IncomefromContinuingOperations,IncomeAttributabletoMinorityInterest,PreferredStockDividend,NetIncome,NormalizedIncome,EBITDA,,BasicEPS(Quarterly),EPSBasicfromContinuingOperations,EPSBasicfromDiscontinuedOperations,EPSBasicfromExtraordinaries,,DilutedEPS(Quarterly),EPSDilutedfromContinuingOperations,NormalizedDilutedEPS,EPSDiluted,,SharesData(Quarterly),AverageBasicSharesOutstanding,AverageDilutedSharesOutstanding,DividendPerShare,,SECFilingLinks,AsOriginallyReported,Restated
2020-09,3.17B,3.17B,1.887B,1.283B,151.00M,151.00M,39.00M,,,-90.00M,,75.00M,4.00M,-71.00M,87.00M,277.00M,1.006B,4.00M,75.00M,-71.00M,-55.00M,-71.00M,880.00M,305.00M,628.00M,-17.00M,,839.00M,646.75M,1.547B,,2020-09,0.76,0.28,,,2020-09,0.76,0.8044,1.04,,2020-09,803.00M,806.00M,0.25,,2020-09,AOR,
2020-06,2.365B,2.365B,1.711B,654.00M,72.00M,72.00M,26.00M,,0.00,-55.00M,,78.00M,6.00M,-72.00M,76.00M,174.00M,480.00M,6.00M,78.00M,-72.00M,142.00M,-72.00M,550.00M,164.00M,415.00M,-3.00M,,344.00M,328.00M,1.156B,,2020-06,0.51,-0.08,,,2020-06,0.51,0.4057,0.43,,2020-06,803.00M,805.00M,0.25,,2020-06,AOR,
2020-03,2.581B,2.581B,1.897B,684.00M,65.00M,65.00M,27.00M,,93.00M,-192.00M,,82.00M,11.00M,-71.00M,90.00M,202.00M,482.00M,11.00M,82.00M,-71.00M,368.00M,-71.00M,779.00M,-23.00M,839.00M,-2.00M,,822.00M,996.87M,1.426B,,2020-03,1.04,-0.02,,,2020-03,1.04,1.238,1.02,,2020-03,807.00M,809.00M,0.14,,2020-03,AOR,
2019-12,2.967B,2.967B,2.072B,895.00M,81.00M,81.00M,48.00M,,0.00,14.00M,,84.00M,13.00M,-71.00M,197.00M,326.00M,569.00M,13.00M,84.00M,-71.00M,122.00M,-71.00M,620.00M,129.00M,533.00M,4.00M,,565.00M,469.69M,1.317B,,2019-12,0.66,0.03,,,2019-12,0.66,0.5780,0.69,,2019-12,816.00M,821.00M,0.14,,2019-12,AOR,
2019-09,2.713B,2.713B,1.94B,773.00M,92.00M,92.00M,43.00M,,1.00M,-36.00M,,77.00M,10.00M,-67.00M,154.00M,289.00M,484.00M,10.00M,77.00M,-67.00M,2.361B,-67.00M,2.778B,558.00M,2.252B,-26.00M,,2.178B,2.231B,3.403B,,2019-09,2.72,-0.06,,,2019-09,2.71,2.716,2.65,,2019-09,820.00M,822.00M,0.14,,2019-09,AOR,Restated
2019-06,2.257B,2.257B,1.853B,404.00M,81.00M,81.00M,32.00M,,0.00,-93.00M,,82.00M,13.00M,-69.00M,154.00M,267.00M,137.00M,13.00M,82.00M,-69.00M,-48.00M,-69.00M,20.00M,20.00M,26.00M,-25.00M,,-25.00M,40.42M,589.00M,,2019-06,0.0013,-0.03,,,2019-06,0.0013,0.0526,-0.03,,2019-06,766.00M,768.00M,0.14,,2019-06,AOR,Restated
2019-03,1.803B,1.803B,1.29B,513.00M,59.00M,59.00M,27.00M,,1.00M,-64.00M,,58.00M,21.00M,-37.00M,76.00M,162.00M,351.00M,21.00M,58.00M,-37.00M,-39.00M,-37.00M,275.00M,125.00M,145.00M,-32.00M,,87.00M,145.85M,645.00M,,2019-03,0.21,-0.05,,,2019-03,0.21,0.2715,0.16,,2019-03,534.00M,534.00M,0.14,,2019-03,AOR,Restated
2018-12,2.048B,2.048B,1.44B,608.00M,63.00M,63.00M,46.00M,,42.00M,-49.00M,,54.00M,17.00M,-37.00M,118.00M,227.00M,381.00M,17.00M,54.00M,-37.00M,-66.00M,-37.00M,278.00M,260.00M,10.00M,-13.00M,,2.00M,50.29M,668.00M,,2018-12,-0.0056,0.0094,,,2018-12,-0.0056,0.0940,0.0037,,2018-12,533.00M,535.00M,0.14,,2018-12,AOR,Restated
2018-09,1.726B,1.726B,1.294B,432.00M,59.00M,59.00M,37.00M,,0.00,-341.00M,,51.00M,15.00M,-36.00M,83.00M,179.00M,253.00M,15.00M,51.00M,-36.00M,-345.00M,-36.00M,-128.00M,3.00M,-140.00M,-21.00M,,-145.00M,95.23M,222.00M,,2018-09,-0.31,0.04,,,2018-09,-0.31,0.1689,-0.27,,2018-09,533.00M,535.00M,0.14,,2018-09,AOR,Restated
2018-06,1.662B,1.662B,1.244B,418.00M,63.00M,63.00M,36.00M,,0.00,91.00M,,49.00M,13.00M,-36.00M,95.00M,194.00M,224.00M,13.00M,49.00M,-36.00M,117.00M,-36.00M,305.00M,18.00M,280.00M,-6.00M,,292.00M,170.60M,633.00M,,2018-06,0.52,0.03,,,2018-06,0.51,0.3167,0.54,,2018-06,533.00M,535.00M,0.14,,2018-06,AOR,Restated
2018-03,1.817B,1.817B,1.33B,487.00M,59.00M,59.00M,34.00M,,0.00,-7.00M,,53.00M,11.00M,-42.00M,73.00M,166.00M,321.00M,11.00M,53.00M,-42.00M,4.00M,-42.00M,283.00M,105.00M,169.00M,1.00M,,192.00M,170.00M,637.00M,,2018-03,0.32,0.04,,,2018-03,0.32,0.32,0.36,,2018-03,534.00M,535.00M,0.14,,2018-03,AOR,Restated
2017-12,1.935B,1.935B,1.376B,559.00M,66.00M,66.00M,44.00M,,,-11.00M,,54.00M,9.00M,-45.00M,139.00M,249.00M,310.00M,9.00M,54.00M,-45.00M,0.00,-45.00M,265.00M,777.00M,-524.00M,-25.00M,,-542.00M,-543.60M,642.00M,,2017-12,-1.02,0.01,,,2017-12,-1.02,-1.010,-1.01,,2017-12,533.00M,538.00M,0.075,,2017-12,AOR,Restated
2017-09,1.879B,1.879B,1.381B,498.00M,58.00M,58.00M,41.00M,,,6.00M,,56.00M,9.00M,-47.00M,76.00M,175.00M,323.00M,9.00M,56.00M,-47.00M,2.00M,-47.00M,278.00M,73.00M,206.00M,7.00M,,206.00M,215.22M,662.00M,,2017-09,0.39,-0.01,,,2017-09,0.39,0.3941,0.38,,2017-09,533.00M,536.00M,0.075,,2017-09,AOR,Restated
2017-06,1.875B,1.875B,1.309B,566.00M,58.00M,58.00M,32.00M,,,23.00M,,64.00M,6.00M,-58.00M,104.00M,194.00M,372.00M,6.00M,64.00M,-58.00M,21.00M,-58.00M,335.00M,166.00M,166.00M,24.00M,,175.00M,178.60M,709.00M,,2017-06,0.36,-0.03,,,2017-06,0.36,0.3387,0.33,,2017-06,533.00M,535.00M,0.05,,2017-06,AOR,Restated
2017-03,1.69B,1.69B,1.257B,433.00M,55.00M,55.00M,26.00M,,,-10.00M,,67.00M,4.00M,-63.00M,70.00M,151.00M,282.00M,4.00M,67.00M,-63.00M,-25.00M,-63.00M,194.00M,111.00M,81.00M,-11.00M,,47.00M,86.20M,561.00M,,2017-03,0.13,-0.04,,,2017-03,0.13,0.1604,0.09,,2017-03,532.00M,533.00M,0.05,,2017-03,AOR,Restated
2016-12,1.758B,1.758B,1.323B,435.00M,55.00M,55.00M,29.00M,,,-1.06B,,69.00M,4.00M,-65.00M,146.00M,230.00M,205.00M,4.00M,69.00M,-65.00M,-1.032B,-65.00M,-892.00M,24.00M,-921.00M,481.00M,,-346.00M,184.00M,-502.00M,,2016-12,-0.73,0.08,,,2016-12,-0.73,0.4429,-0.65,,2016-12,530.00M,532.00M,0.05,,2016-12,AOR,Restated
2016-09,1.791B,1.791B,1.318B,473.00M,63.00M,63.00M,34.00M,,,-11.00M,,64.00M,2.00M,-62.00M,69.00M,166.00M,307.00M,2.00M,64.00M,-62.00M,-22.00M,-62.00M,223.00M,90.00M,135.00M,-45.00M,,-358.00M,102.00M,622.00M,,2016-09,0.32,-0.99,,,2016-09,0.32,0.3425,-0.67,,2016-09,531.00M,533.00M,0.025,,2016-09,AOR,Restated
2016-06,1.669B,1.669B,1.183B,486.00M,62.00M,62.00M,44.00M,,,-12.00M,,66.00M,,-66.00M,62.00M,168.00M,318.00M,,66.00M,-66.00M,-11.00M,-66.00M,241.00M,238.00M,-2.00M,-39.00M,,23.00M,-31.40M,588.00M,,2016-06,0.02,0.02,,,2016-06,0.02,0.0380,0.04,,2016-06,531.00M,533.00M,0.025,,2016-06,AOR,Restated
2016-03,1.462B,1.462B,1.127B,335.00M,53.00M,53.00M,27.00M,,,91.00M,,74.00M,,-74.00M,56.00M,136.00M,199.00M,,74.00M,-74.00M,83.00M,-74.00M,208.00M,227.00M,-24.00M,-83.00M,,52.00M,-152.00M,558.00M,,2016-03,-0.02,0.12,,,2016-03,-0.02,-0.1047,0.10,,2016-03,530.00M,531.00M,0.025,,2016-03,AOR,Restated
2015-12,1.452B,1.452B,1.279B,173.00M,61.00M,61.00M,39.00M,,7.00M,-66.00M,,71.00M,,-65.00M,266.00M,366.00M,-193.00M,,71.00M,-65.00M,-69.00M,-65.00M,-327.00M,89.00M,-427.00M,104.00M,,-254.00M,-280.40M,54.00M,,2015-12,-0.48,-0.02,,,2015-12,-0.48,-0.3998,-0.50,,2015-12,531.00M,531.00M,0.025,,2015-12,AOR,Restated
2015-09,1.56B,1.56B,1.217B,343.00M,59.00M,59.00M,31.00M,,32.00M,91.00M,,74.00M,,-74.00M,61.00M,151.00M,192.00M,,74.00M,-74.00M,120.00M,-74.00M,238.00M,61.00M,159.00M,-66.00M,,219.00M,7.16M,539.00M,,2015-09,0.30,0.12,,,2015-09,0.30,0.1380,0.42,,2015-09,529.00M,530.00M,0.025,,2015-09,AOR,Restated
2015-06,1.908B,1.908B,1.303B,605.00M,68.00M,68.00M,33.00M,,,,,82.00M,,-82.00M,101.00M,202.00M,403.00M,,82.00M,-82.00M,-23.00M,-82.00M,298.00M,152.00M,139.00M,-76.00M,,72.00M,63.00M,656.00M,,2015-06,0.13,0.01,,,2015-06,0.13,0.13,0.14,,2015-06,505.00M,506.00M,0.025,,2015-06,AOR,Restated
2015-03,1.972B,1.972B,1.316B,656.00M,58.00M,58.00M,28.00M,,,,,85.00M,,-85.00M,73.00M,159.00M,497.00M,,85.00M,-85.00M,11.00M,-85.00M,423.00M,193.00M,221.00M,-46.00M,,183.00M,175.00M,797.00M,,2015-03,0.35,0.02,,,2015-03,0.35,0.35,0.37,,2015-03,499.00M,500.00M,0.025,,2015-03,AOR,Restated
2014-12,1.544B,1.544B,757.00M,787.00M,99.00M,99.00M,39.00M,,-1.00M,1.00M,,54.00M,,-54.00M,48.00M,186.00M,601.00M,,54.00M,-54.00M,14.00M,-54.00M,561.00M,226.00M,329.00M,-46.00M,,15.00M,275.80M,781.00M,,2014-12,0.08,-0.05,,,2014-12,0.08,0.0656,0.03,,2014-12,499.00M,499.00M,0.025,,2014-12,AOR,Restated
2014-09,1.746B,1.746B,1.503B,243.00M,45.00M,45.00M,36.00M,,8.00M,14.00M,,89.00M,,-89.00M,103.00M,184.00M,59.00M,,89.00M,-89.00M,55.00M,-89.00M,25.00M,-47.00M,72.00M,138.00M,,213.00M,187.90M,432.00M,,2014-09,0.42,0.01,,,2014-09,0.42,0.3758,0.43,,2014-09,499.00M,500.00M,0.025,,2014-09,AOR,Restated
2014-06,1.765B,1.765B,1.366B,399.00M,48.00M,48.00M,42.00M,,13.00M,-17.00M,,94.00M,,-94.00M,107.00M,197.00M,202.00M,,94.00M,-94.00M,-16.00M,-94.00M,92.00M,-53.00M,147.00M,35.00M,,180.00M,199.55M,492.00M,,2014-06,0.37,-0.01,,,2014-06,0.37,0.4052,0.36,,2014-06,499.00M,499.00M,0.025,,2014-06,AOR,Restated
2014-03,1.764B,1.764B,1.381B,383.00M,45.00M,45.00M,42.00M,,1.00M,38.00M,,93.00M,,-93.00M,99.00M,186.00M,197.00M,,93.00M,-93.00M,39.00M,-93.00M,143.00M,78.00M,65.00M,52.00M,,100.00M,98.80M,534.00M,,2014-03,0.23,-0.03,,,2014-03,0.23,0.1935,0.20,,2014-03,498.00M,499.00M,0.15,,2014-03,AOR,Restated
2013-12,2.188B,2.188B,1.863B,325.00M,45.00M,45.00M,57.00M,,53.00M,-1.90B,,92.00M,,-102.00M,127.00M,229.00M,96.00M,,92.00M,-102.00M,-2.084B,-102.00M,-2.09B,-809.00M,-1.28B,85.00M,,-1.187B,130.74M,-1.617B,,2013-12,-2.34,0.01,,,2013-12,-2.34,0.3062,-2.33,,2013-12,501.00M,501.00M,0.20,,2013-12,AOR,Restated
2013-09,2.02B,2.02B,1.377B,643.00M,48.00M,48.00M,67.00M,,41.00M,-63.00M,,76.00M,4.00M,-72.00M,143.00M,258.00M,385.00M,4.00M,76.00M,-72.00M,262.00M,-72.00M,575.00M,161.00M,415.00M,4.00M,,398.00M,249.08M,950.00M,,2013-09,0.84,-0.04,,,2013-09,0.84,0.4988,0.80,,2013-09,498.00M,498.00M,0.25,,2013-09,AOR,Restated
2013-06,2.018B,2.018B,2.097B,-79.00M,54.00M,54.00M,46.00M,,7.00M,-2.289B,,70.00M,2.00M,-68.00M,143.00M,243.00M,-322.00M,2.00M,70.00M,-68.00M,-2.241B,-68.00M,-2.631B,-287.00M,-2.347B,214.00M,,-2.059B,-136.46M,-2.146B,,2013-06,-4.29,0.15,,,2013-06,-4.29,-0.2728,-4.14,,2013-06,497.00M,497.00M,0.35,,2013-06,AOR,Restated
2013-03,2.188B,2.188B,1.324B,864.00M,56.00M,56.00M,52.00M,,4.00M,-58.00M,,65.00M,4.00M,-61.00M,122.00M,230.00M,634.00M,4.00M,65.00M,-61.00M,-33.00M,-61.00M,540.00M,180.00M,356.00M,-42.00M,,314.00M,346.16M,872.00M,,2013-03,0.63,0.00,,,2013-03,0.63,0.6946,0.63,,2013-03,497.00M,498.00M,0.425,,2013-03,AOR,Restated
2012-12,2.572B,2.572B,1.508B,1.064B,50.00M,50.00M,90.00M,,8.00M,11.00M,,59.00M,3.00M,-56.00M,96.00M,251.00M,813.00M,3.00M,59.00M,-56.00M,47.00M,-56.00M,804.00M,130.00M,662.00M,-24.00M,,666.00M,617.04M,1.144B,,2012-12,1.29,0.06,,,2012-12,1.28,1.238,1.34,,2012-12,496.00M,496.00M,0.35,,2012-12,AOR,Restated
2012-09,2.48B,2.48B,1.36B,1.12B,51.00M,51.00M,74.00M,,7.00M,-53.00M,,67.00M,2.00M,-65.00M,172.00M,324.00M,796.00M,2.00M,67.00M,-65.00M,-14.00M,-65.00M,717.00M,228.00M,480.00M,-80.00M,,367.00M,429.24M,1.056B,,2012-09,0.81,-0.07,,,2012-09,0.81,0.8686,0.74,,2012-09,496.00M,499.00M,0.35,,2012-09,AOR,Restated
2012-06,2.229B,2.229B,1.25B,979.00M,57.00M,57.00M,82.00M,,8.00M,-8.00M,,71.00M,2.00M,-69.00M,165.00M,356.00M,623.00M,2.00M,71.00M,-69.00M,3.00M,-69.00M,557.00M,175.00M,371.00M,-92.00M,,279.00M,270.16M,876.00M,,2012-06,0.56,0.00,,,2012-06,0.56,0.5422,0.56,,2012-06,496.00M,498.00M,0.35,,2012-06,AOR,Restated
2012-03,2.683B,2.683B,1.248B,1.435B,54.00M,54.00M,102.00M,,24.00M,-14.00M,,52.00M,5.00M,-47.00M,139.00M,345.00M,1.09B,5.00M,52.00M,-47.00M,-7.00M,-47.00M,1.036B,343.00M,674.00M,-113.00M,,490.00M,573.06M,1.319B,,2012-03,1.13,-0.14,,,2012-03,1.11,1.134,0.97,,2012-03,495.00M,504.00M,0.35,,2012-03,AOR,Restated
2011-12,2.765B,2.765B,2.061B,704.00M,-65.00M,-65.00M,80.00M,,,-2.167B,,51.00M,3.00M,-48.00M,305.00M,-418.00M,1.122B,3.00M,51.00M,-48.00M,-2.119B,-48.00M,-1.046B,-150.00M,-897.00M,-131.00M,,-1.028B,825.67M,-735.00M,,2011-12,-2.08,0.00,,,2011-12,-2.08,1.555,-2.08,,2011-12,494.00M,510.00M,0.35,,2011-12,AOR,Restated
2011-09,2.744B,2.744B,1.008B,1.736B,74.00M,74.00M,99.00M,270.00M,,-124.00M,,65.00M,2.00M,-63.00M,116.00M,559.00M,1.177B,2.00M,65.00M,-63.00M,-71.00M,-63.00M,1.036B,371.00M,675.00M,-182.00M,,493.00M,538.44M,1.371B,,2011-09,1.00,0.00,,,2011-09,0.98,1.070,0.98,,2011-09,494.00M,504.00M,0.30,,2011-09,AOR,Restated
2011-06,2.384B,2.384B,917.00M,1.467B,93.00M,93.00M,86.00M,250.00M,,-82.00M,,63.00M,2.00M,-61.00M,89.00M,518.00M,949.00M,2.00M,63.00M,-61.00M,-50.00M,-61.00M,847.00M,187.00M,660.00M,-137.00M,,387.00M,562.00M,1.16B,,2011-06,1.06,-0.28,,,2011-06,1.04,1.118,0.77,,2011-06,494.00M,501.00M,0.20,,2011-06,AOR,Restated
2011-03,2.465B,2.465B,940.00M,1.525B,59.00M,59.00M,68.00M,256.00M,,-40.00M,,65.00M,4.00M,-61.00M,62.00M,445.00M,1.08B,4.00M,65.00M,-61.00M,-52.00M,-61.00M,973.00M,305.00M,670.00M,-156.00M,,514.00M,549.88M,1.294B,,2011-03,1.04,0.00,,,2011-03,1.03,1.102,1.03,,2011-03,493.00M,501.00M,0.15,,2011-03,AOR,Restated
2010-12,2.548B,2.548B,1.658B,890.00M,,-53.00M,-28.00M,,,-96.00M,,69.00M,3.00M,-66.00M,465.00M,-303.00M,1.193B,3.00M,69.00M,-66.00M,-15.00M,-66.00M,1.112B,72.00M,1.05B,-210.00M,,812.00M,880.22M,1.429B,,2010-12,1.71,-0.06,,,2010-12,1.67,1.749,1.61,,2010-12,492.00M,506.00M,0.15,,2010-12,AOR,Restated
2010-09,2.597B,2.597B,958.00M,1.639B,,79.00M,66.00M,242.00M,,46.00M,,66.00M,3.00M,-63.00M,14.00M,401.00M,1.238B,3.00M,66.00M,-63.00M,2.00M,-63.00M,1.177B,360.00M,814.00M,-277.00M,,537.00M,535.61M,1.485B,,2010-09,1.09,0.00,,,2010-09,1.07,1.067,1.07,,2010-09,493.00M,502.00M,0.15,,2010-09,AOR,Restated
2010-06,2.153B,2.153B,848.00M,1.305B,74.00M,74.00M,77.00M,231.00M,,9.00M,0.00,69.00M,2.00M,-67.00M,53.00M,435.00M,870.00M,2.00M,69.00M,-67.00M,19.00M,-67.00M,822.00M,283.00M,537.00M,-155.00M,,382.00M,369.54M,1.122B,,2010-06,0.78,0.00,,,2010-06,0.77,0.7450,0.77,,2010-06,492.00M,499.00M,0.10,,2010-06,AOR,Restated
2010-03,2.242B,2.242B,869.00M,1.373B,,45.00M,46.00M,224.00M,,41.00M,,75.00M,3.00M,-72.00M,132.00M,447.00M,926.00M,3.00M,75.00M,-72.00M,32.00M,-72.00M,886.00M,141.00M,743.00M,-197.00M,,546.00M,519.09M,1.185B,,2010-03,1.11,0.00,,,2010-03,1.11,1.055,1.11,,2010-03,491.00M,493.00M,0.10,,2010-03,AOR,Restated
2009-12,2.518B,2.518B,661.00M,1.857B,,7.00M,35.00M,240.00M,,-37.00M,,,,-39.00M,295.00M,577.00M,1.28B,,,-39.00M,-37.00M,-39.00M,1.204B,335.00M,867.00M,-307.00M,,558.00M,586.71M,1.542B,,2009-12,1.14,0.00,,,2009-12,1.14,1.194,1.14,,2009-12,493.00M,493.00M,0.10,,2009-12,AOR,Restated
2009-09,2.049B,2.049B,820.00M,1.229B,,49.00M,27.00M,199.00M,,25.00M,,,,-10.00M,65.00M,340.00M,889.00M,,,-10.00M,25.00M,-10.00M,904.00M,253.00M,645.00M,-257.00M,,388.00M,370.00M,1.088B,,2009-09,0.79,0.00,,,2009-09,0.79,0.7533,0.79,,2009-09,490.00M,491.00M,0.10,,2009-09,AOR,Restated
2009-06,1.602B,1.602B,747.00M,855.00M,,52.00M,42.00M,176.00M,,9.00M,,,,-23.00M,112.00M,382.00M,473.00M,,,-23.00M,9.00M,-23.00M,459.00M,136.00M,320.00M,-144.00M,,162.00M,169.67M,649.00M,,2009-06,0.33,0.00,,,2009-06,0.33,0.3171,0.33,,2009-06,490.00M,491.00M,0.10,,2009-06,AOR,Restated
2009-03,1.536B,1.536B,780.00M,756.00M,,51.00M,31.00M,191.00M,,9.00M,,32.00M,,-32.00M,73.00M,346.00M,410.00M,,32.00M,-32.00M,9.00M,-32.00M,387.00M,105.00M,277.00M,-88.00M,,189.00M,182.44M,610.00M,,2009-03,0.40,0.00,,,2009-03,0.40,0.3861,0.40,,2009-03,472.00M,473.00M,0.10,,2009-03,AOR,Restated
2008-12,1.325B,1.325B,573.00M,752.00M,,18.00M,53.00M,190.00M,,-285.00M,,37.00M,,-8.00M,204.00M,465.00M,287.00M,,37.00M,-8.00M,-285.00M,-8.00M,-6.00M,-51.00M,46.00M,-38.00M,,4.00M,193.25M,221.00M,,2008-12,0.02,-0.01,,,2008-12,0.02,0.4280,0.01,,2008-12,454.00M,454.00M,0.10,,2008-12,AOR,Restated
2008-09,1.371B,1.371B,837.00M,534.00M,,44.00M,44.00M,186.00M,,66.00M,,35.00M,,-35.00M,69.00M,343.00M,191.00M,,35.00M,-35.00M,66.00M,-35.00M,222.00M,6.00M,215.00M,-31.00M,,191.00M,119.78M,443.00M,,2008-09,0.40,0.02,,,2008-09,0.40,0.2589,0.42,,2008-09,454.00M,455.00M,0.10,,2008-09,,Restated
2008-06,1.503B,1.503B,807.00M,696.00M,,45.00M,39.00M,183.00M,,13.00M,,35.00M,7.00M,-28.00M,118.00M,385.00M,311.00M,7.00M,35.00M,-28.00M,12.00M,-28.00M,295.00M,-42.00M,337.00M,-68.00M,,271.00M,261.20M,513.00M,,2008-06,0.60,0.00,,,2008-06,0.59,0.5729,0.59,,2008-06,454.00M,456.00M,0.10,,2008-06,,Restated
2008-03,1.943B,1.943B,830.00M,1.113B,,37.00M,30.00M,182.00M,,15.00M,,,,-28.00M,63.00M,312.00M,801.00M,,,-28.00M,15.00M,-28.00M,788.00M,232.00M,551.00M,-192.00M,,365.00M,348.42M,983.00M,,2008-03,0.80,0.01,,,2008-03,0.79,0.7668,0.80,,2008-03,453.00M,457.00M,0.10,,2008-03,,Restated
2007-12,1.322B,1.322B,595.00M,727.00M,,579.00M,28.00M,,,8.00M,,,,,,991.00M,-264.00M,,,,12.00M,,-764.00M,95.00M,-918.00M,,,-289.00M,-923.20M,-1.152B,,2007-12,-2.03,1.40,,,2007-12,-2.03,-2.041,-0.63,,2007-12,455.00M,455.00M,0.10,,2007-12,,Restated
2007-09,1.646B,1.646B,785.00M,861.00M,,50.00M,16.00M,,,2.00M,,,,,,242.00M,619.00M,,,,2.00M,,607.00M,84.00M,325.00M,-198.00M,,397.00M,323.28M,811.00M,,2007-09,0.72,0.16,,,2007-09,0.72,0.7162,0.88,,2007-09,452.00M,453.00M,0.10,,2007-09,,
2007-06,1.276B,1.276B,760.00M,516.00M,,34.00M,13.00M,,,-1.119B,,,,,,233.00M,283.00M,,,,-1.119B,,-322.00M,-19.00M,-401.00M,-98.00M,,-2.062B,651.97M,469.00M,,2007-06,-0.89,-3.68,,,2007-06,-0.89,1.445,-4.57,,2007-06,451.00M,451.00M,0.10,,2007-06,,
2007-03,1.224B,1.224B,753.00M,471.00M,,72.00M,16.00M,,,-47.00M,,,,,,267.00M,204.00M,,,,-47.00M,,140.00M,44.00M,40.00M,-56.00M,,68.00M,72.23M,396.00M,,2007-03,0.09,0.06,,,2007-03,0.09,0.1613,0.15,,2007-03,451.00M,452.00M,0.10,,2007-03,,
2006-12,1.355B,1.355B,555.00M,800.00M,,358.00M,20.00M,,,135.00M,,,,,,537.00M,263.00M,,,,137.00M,,724.00M,67.00M,199.00M,-84.00M,,223.00M,76.49M,469.00M,,2006-12,0.44,0.06,,,2006-12,0.44,0.1708,0.49,,2006-12,453.00M,455.00M,0.10,,2006-12,,
2006-09,1.102B,1.102B,632.00M,470.00M,,29.00M,22.00M,,,-99.00M,,,,,,200.00M,270.00M,,,,-98.00M,,199.00M,106.00M,42.00M,-52.00M,,198.00M,101.40M,419.00M,,2006-09,0.09,0.35,,,2006-09,0.09,0.2214,0.44,,2006-09,450.00M,452.00M,0.10,,2006-09,,
2006-06,1.293B,1.293B,674.00M,619.00M,,37.00M,24.00M,,,-29.00M,,,,,,207.00M,412.00M,,,,-29.00M,,337.00M,121.00M,128.00M,-128.00M,,161.00M,146.59M,558.00M,,2006-06,0.29,0.07,,,2006-06,0.29,0.3311,0.36,,2006-06,449.00M,452.00M,0.10,,2006-06,,
2006-03,1.132B,1.132B,592.00M,540.00M,,51.00M,21.00M,,,35.00M,,,,,,212.00M,328.00M,,,,35.00M,,343.00M,37.00M,207.00M,-99.00M,,209.00M,175.78M,470.00M,,2006-03,0.47,0.00,,,2006-03,0.46,0.3908,0.46,,2006-03,448.00M,451.00M,0.10,,2006-03,,
2005-12,1.142B,1.142B,419.00M,723.00M,,294.00M,5.00M,,,-232.00M,,,,,,406.00M,317.00M,,,,-231.00M,,325.00M,84.00M,-13.00M,-132.00M,,62.00M,159.04M,464.00M,,2005-12,0.16,-0.02,,,2005-12,0.15,0.5332,0.14,,2005-12,446.00M,449.00M,0.10,,2005-12,,
2005-09,1.164B,1.164B,643.00M,521.00M,,32.00M,18.00M,,,46.00M,,,,,,210.00M,311.00M,,,,46.00M,,333.00M,94.00M,125.00M,-115.00M,,126.00M,91.98M,473.00M,,2005-09,0.28,0.00,,,2005-09,0.28,0.2065,0.28,,2005-09,446.00M,449.00M,0.10,,2005-09,,
2005-06,997.00M,997.00M,588.00M,409.00M,,32.00M,12.00M,,,15.00M,,,,,,199.00M,210.00M,,,,14.00M,,207.00M,44.00M,88.00M,-74.00M,,50.00M,76.19M,365.00M,,2005-06,0.20,-0.09,,,2005-06,0.20,0.1737,0.11,,2005-06,446.00M,449.00M,0.10,,2005-06,,
2005-03,945.00M,945.00M,565.00M,380.00M,,31.00M,17.00M,,,43.00M,,,,,,209.00M,171.00M,,,,47.00M,,193.00M,53.00M,85.00M,-59.00M,,84.00M,53.81M,332.00M,,2005-03,0.19,0.00,,,2005-03,0.19,0.1204,0.19,,2005-03,446.00M,448.00M,0.10,,2005-03,,
2004-12,1.094B,1.094B,545.00M,549.00M,,36.00M,21.00M,,,-88.00M,,,,,,205.00M,344.00M,,,,-87.00M,,324.00M,110.00M,110.00M,-105.00M,,190.00M,168.12M,492.00M,,2004-12,0.25,0.18,0.00,,2004-12,0.2466,0.3767,0.4240,,2004-12,443.00M,447.00M,0.10,,2004-12,,
2004-09,1.144B,1.144B,597.00M,547.00M,,22.00M,25.00M,,,-7.00M,,,,,,209.00M,338.00M,,,,-7.00M,,314.00M,94.00M,130.00M,-90.00M,,129.00M,134.90M,511.00M,,2004-09,0.29,0.00,,,2004-09,0.29,0.3010,0.2886,,2004-09,443.00M,447.00M,0.075,,2004-09,,
2004-06,982.00M,982.00M,564.00M,418.00M,,47.00M,18.00M,,,-28.00M,,,,,,230.00M,188.00M,,,,-29.00M,,135.00M,32.00M,41.00M,-61.00M,,37.00M,62.36M,360.00M,,2004-06,0.09,-0.01,,,2004-06,0.09,0.1362,0.08,,2004-06,462.50M,462.50M,0.075,,2004-06,,
2004-03,1.122B,1.122B,596.00M,526.00M,,27.00M,16.00M,,,23.00M,,,,,,225.00M,301.00M,,,,25.00M,,298.00M,87.00M,134.00M,-79.00M,,87.00M,117.71M,483.00M,,2004-03,0.30,-0.10,0.00,,2004-03,0.2998,0.2633,0.1946,,2004-03,443.00M,447.00M,0.05,,2004-03,,
2003-12,707.09M,707.09M,452.06M,255.03M,,43.34M,-47.74M,,,226.85M,,,,,,104.23M,150.80M,,,,151.06M,,341.35M,-20.58M,153.93M,-42.28M,,153.46M,17.82M,287.14M,,2003-12,0.07,0.37,0.00,,2003-12,0.06,-0.2552,0.36,,2003-12,425.65M,431.83M,0.05,,2003-12,,
2003-09,881.16M,881.16M,461.35M,419.81M,,28.95M,30.65M,,,59.93M,,,,,,211.04M,208.77M,,,,75.77M,,195.41M,80.98M,114.43M,-57.12M,,114.43M,78.48M,360.21M,,2003-09,0.28,0.00,,,2003-09,0.2771,0.1900,0.2771,,2003-09,408.38M,412.92M,0.04,,2003-09,,
2003-06,747.22M,747.22M,436.13M,311.10M,,31.29M,30.25M,,,216.36M,,,,,,200.88M,110.22M,,,,126.35M,,305.71M,89.04M,90.85M,-35.81M,,90.85M,-62.50M,249.56M,,2003-06,0.22,0.00,,,2003-06,0.22,-0.1556,0.22,,2003-06,405.39M,408.24M,0.04,,2003-06,,
2003-03,733.99M,864.64M,406.68M,457.96M,,26.41M,21.47M,,,128.76M,,,,,,178.48M,279.49M,,,,125.57M,,255.33M,62.56M,151.79M,-37.79M,,117.26M,54.58M,410.08M,,2003-03,0.29,0.00,0.00,,2003-03,0.29,0.0495,0.29,,2003-03,401.89M,404.22M,0.04,,2003-03,,
2002-12,785.78M,692.04M,558.74M,133.30M,,36.29M,,,,-73.40M,,,,,,-0.466M,133.77M,,,,-56.42M,,88.84M,-24.28M,67.12M,-42.24M,0.262M,82.82M,111.16M,260.28M,,2002-12,0.06,0.10,0.00,,2002-12,0.05,0.1558,0.17,,2002-12,384.94M,416.37M,0.03,,2002-12,,
2002-09,712.17M,728.35M,432.47M,295.88M,,29.74M,25.36M,,,4.987M,,,,,33.08M,238.63M,57.25M,,,,22.46M,,35.19M,11.16M,24.03M,-28.34M,,24.03M,20.63M,225.29M,,2002-09,0.06,0.00,,,2002-09,0.06,0.0515,0.06,,2002-09,401.42M,402.96M,0.03,,2002-09,,
2002-06,636.98M,636.98M,393.54M,243.44M,,27.65M,18.79M,,,65.66M,,,,,-41.50M,141.48M,101.96M,,,,82.53M,,93.98M,27.88M,66.65M,-16.32M,1.869M,66.65M,20.47M,238.50M,,2002-06,0.16,0.00,,,2002-06,0.16,0.0444,0.16,,2002-06,397.53M,399.47M,0.03,,2002-06,,
2002-03,491.60M,495.82M,330.99M,164.83M,,21.32M,11.57M,,,-6.83M,,,,,,135.07M,29.76M,,,,-5.426M,,-4.165M,1.188M,-14.50M,-10.55M,1.869M,-6.798M,-10.40M,142.45M,,2002-03,-0.06,0.03,0.00,,2002-03,-0.06,-0.0454,-0.03,,2002-03,281.47M,281.47M,0.03,,2002-03,,
2001-12,450.31M,447.32M,331.50M,115.82M,,28.07M,,,,-111.23M,,,,,19.34M,83.03M,32.80M,,,,-109.45M,,-45.33M,-50.27M,4.944M,-22.09M,1.868M,4.944M,71.68M,129.91M,,2001-12,0.02,-0.01,,,2001-12,0.02,0.3732,0.01,,2001-12,188.97M,188.97M,0.03,,2001-12,,
2001-09,424.40M,424.40M,284.88M,139.51M,,13.68M,12.84M,,,-2.348M,,,,,27.93M,126.55M,12.96M,,,,13.82M,,10.93M,-9.694M,20.63M,-19.14M,1.87M,20.63M,22.03M,88.84M,,2001-09,0.10,0.00,,,2001-09,0.10,0.1072,0.10,,2001-09,195.88M,196.07M,0.03,,2001-09,,
2001-06,362.36M,362.36M,260.40M,101.96M,,13.66M,15.30M,,,-12.98M,,,,,18.88M,120.02M,-18.07M,,,,-2.219M,,-32.30M,-0.703M,-31.60M,-10.27M,1.868M,-31.60M,-18.90M,63.13M,,2001-06,-0.17,0.00,,,2001-06,-0.17,-0.1051,-0.17,,2001-06,195.64M,195.64M,0.03,,2001-06,,
2001-03,427.52M,427.52M,259.68M,167.84M,,14.48M,15.32M,,,-97.81M,,,,,,114.58M,53.26M,,,,-97.81M,,-34.70M,2.546M,-37.25M,-14.82M,1.869M,-37.31M,21.44M,138.05M,,2001-03,-0.20,0.00,0.00,,2001-03,-0.20,0.1047,-0.20,,2001-03,192.61M,192.61M,0.03,,2001-03,,
2000-12,521.29M,521.29M,384.37M,136.91M,,48.61M,,,,-115.56M,,,,,13.52M,65.65M,71.27M,,,,-118.82M,,-26.14M,0.218M,-26.36M,-26.27M,1.393M,-26.78M,42.98M,143.01M,,2000-12,-0.16,0.01,0.00,,2000-12,-0.16,0.2153,-0.15,,2000-12,184.74M,184.74M,0.03,,2000-12,,
2000-09,419.40M,419.40M,256.32M,163.08M,,18.59M,20.70M,,,-39.88M,,,,,42.90M,171.40M,-8.324M,,,,-39.21M,,-45.21M,-10.55M,-34.66M,-19.50M,1.87M,-34.66M,-4.090M,111.74M,,2000-09,-0.19,0.00,,,2000-09,-0.19,-0.0309,-0.19,,2000-09,192.19M,192.19M,0.03,,2000-09,,
2000-06,411.23M,411.23M,240.93M,170.29M,,15.47M,21.05M,,,-16.04M,,,,,,119.90M,50.39M,,,,-23.33M,,-18.69M,5.272M,-23.96M,-22.40M,1.868M,-23.96M,-14.34M,153.32M,,2000-06,-0.13,0.00,,,2000-06,-0.13,-0.0799,-0.13,,2000-06,192.01M,192.01M,0.03,,2000-06,,
2000-03,457.53M,457.53M,232.12M,225.41M,,15.33M,17.14M,,,-8.83M,,,,,,147.73M,77.68M,,,,-8.83M,,19.04M,11.06M,7.977M,-24.84M,1.869M,-4.595M,13.28M,192.95M,,2000-03,0.03,0.00,0.00,,2000-03,0.03,0.0576,0.03,,2000-03,191.90M,191.90M,0.03,,2000-03,,
1999-12,656.22M,656.22M,474.49M,181.73M,,56.51M,,,,-53.90M,,,,,,180.14M,1.591M,,,,-145.53M,,-50.69M,21.88M,-72.56M,3.609M,,-72.56M,-40.22M,153.07M,,1999-12,-0.49,0.00,,,1999-12,-0.49,-0.2753,-0.49,,1999-12,150.63M,150.63M,0.03,,1999-12,,
1999-09,328.00M,328.00M,187.90M,140.10M,,12.60M,14.30M,,,-42.80M,,,,,,110.30M,29.80M,,,,-42.80M,,-46.80M,-7.80M,-39.00M,-19.20M,,-39.00M,-3.333M,113.20M,,1999-09,-0.23,0.00,,,1999-09,-0.23,-0.0197,-0.23,,1999-09,169.57M,169.57M,0.03,,1999-09,,
1999-06,315.80M,315.80M,195.10M,120.70M,,12.70M,14.40M,,,9.80M,,,,,,91.30M,29.40M,,,,9.80M,,9.20M,2.10M,7.10M,-13.00M,,7.10M,-0.4630M,93.60M,,1999-06,0.04,0.00,,,1999-06,0.04,-0.0026,0.04,,1999-06,177.50M,177.50M,0.03,,1999-06,,
1999-03,327.14M,327.14M,193.70M,133.44M,,12.60M,11.50M,,,-1.80M,,,,,,85.60M,47.84M,,,,-1.80M,,15.50M,5.60M,9.90M,-12.20M,,9.90M,11.05M,109.34M,,1999-03,0.06,0.00,,,1999-03,0.06,0.0670,0.06,,1999-03,165.00M,165.00M,0.03,,1999-03,,
1998-12,352.00M,352.00M,270.00M,82.00M,,626.10M,,,,-0.10M,,,,,,655.60M,-573.60M,,,,-0.10M,,-617.10M,-193.20M,-423.90M,-23.00M,,-456.80M,-423.83M,-492.90M,,1998-12,-2.67,-0.20,,,1998-12,-2.67,-2.670,-2.87,,1998-12,161.59M,161.59M,0.03,,1998-12,,
1998-09,349.90M,349.90M,195.40M,154.50M,,11.70M,18.50M,,,3.70M,,,,,,115.00M,39.50M,,,,3.70M,,4.30M,-2.60M,6.90M,-20.00M,,6.90M,4.68M,124.30M,,1998-09,0.04,0.00,,,1998-09,0.03,0.0171,0.03,,1998-09,172.50M,172.50M,0.03,,1998-09,,
1998-06,374.00M,374.00M,191.10M,182.90M,,12.30M,16.60M,,,2.30M,,,,,,120.20M,62.70M,,,,2.30M,,32.80M,7.10M,25.70M,-13.10M,,25.70M,23.90M,154.70M,,1998-06,0.16,0.00,,,1998-06,0.16,0.1488,0.16,,1998-06,160.62M,160.62M,0.03,,1998-06,,
