,OperatingRevenue,Revenue,CostofGoodsSold,GrossProfit,SG&AExpense,ResearchandDevelopmentExpense,SpecialIncomeandCharges,OperatingInterestExpense,OperatingInterestIncome,NetOperatingInterestIncome,OtherOperatingExpenses,TotalOperatingExpenses,OperatingIncome,Non-OperatingInterestIncome,Non-OperatingInterestExpense,NetNon-OperatingInterestIncomeExpense,OtherIncomeandExpenses,NetInterestIncome,Pre-TaxIncome,ProvisionforIncomeTaxes,IncomefromContinuingOperations,IncomefromDiscontinuedOperations,"ExtraordinaryItems,IncomeStatement",IncomeAttributabletoMinorityInterest,NetIncome,ReconciledDepreciation,EBIT,,BasicEPS(Quarterly),EPSBasicfromContinuingOperations,EPSBasicfromTaxLossCarryforward,NormalizedBasicEPS,EPSBasic,,DilutedEPS(Quarterly),EPSDilutedfromExtraordinaries,EPSDilutedfromTaxLossCarryforward,NormalizedDilutedEPS,SharesData(Quarterly),AverageBasicSharesOutstanding,AverageDilutedSharesOutstanding,DividendPerShare,,SECFilingLinks,AsOriginallyReported,Restated
2020-09,8.521B,8.521B,4.19B,4.331B,1.592B,296.00M,-17.00M,144.00M,9.00M,-135.00M,,1.888B,2.443B,9.00M,144.00M,-135.00M,-56.00M,-135.00M,2.252B,319.00M,1.933B,,,,1.933B,575.00M,2.396B,,2020-09,4.88,,4.917,4.88,,2020-09,,,4.877,2020-09,396.00M,399.00M,0.22,,2020-09,AOR,
2020-06,6.917B,6.917B,3.54B,3.377B,1.71B,264.00M,-12.00M,137.00M,8.00M,-129.00M,,1.974B,1.403B,8.00M,137.00M,-129.00M,-21.00M,-129.00M,1.253B,97.00M,1.156B,,,,1.156B,574.00M,1.39B,,2020-06,2.92,,2.948,2.92,,2020-06,,,2.928,2020-06,395.00M,398.00M,0.22,,2020-06,AOR,
2020-03,6.23B,6.23B,3.49B,2.74B,1.551B,245.00M,-38.00M,126.00M,36.00M,-90.00M,,1.796B,944.00M,36.00M,126.00M,-90.00M,-26.00M,-90.00M,828.00M,40.00M,788.00M,,,,788.00M,574.00M,954.00M,,2020-03,1.99,,2.081,1.99,,2020-03,,,2.060,2020-03,397.00M,400.00M,0.22,,2020-03,AOR,
2019-12,6.829B,6.829B,3.794B,3.035B,1.512B,262.00M,-29.00M,142.00M,45.00M,-97.00M,,1.774B,1.261B,45.00M,142.00M,-97.00M,-126.00M,-97.00M,1.038B,36.00M,1.002B,,,,1.002B,576.00M,1.18B,,2019-12,2.51,,2.580,2.51,,2019-12,,,2.559,2019-12,400.00M,403.00M,0.19,,2019-12,AOR,
2019-09,6.272B,6.272B,3.509B,2.763B,1.539B,247.00M,-31.00M,164.00M,52.00M,-112.00M,,1.786B,977.00M,52.00M,164.00M,-112.00M,-43.00M,-112.00M,822.00M,62.00M,760.00M,,,,760.00M,575.00M,986.00M,,2019-09,1.89,,1.961,1.89,,2019-09,,,1.951,2019-09,401.00M,404.00M,0.19,,2019-09,AOR,Restated
2019-06,6.316B,6.316B,3.493B,2.823B,1.565B,246.00M,484.00M,181.00M,60.00M,-121.00M,,1.811B,1.012B,60.00M,181.00M,-121.00M,502.00M,-121.00M,1.393B,274.00M,1.119B,,,,1.119B,571.00M,1.574B,,2019-06,2.80,,1.828,2.80,,2019-06,,,1.806,2019-06,400.00M,403.00M,0.19,,2019-06,AOR,Restated
2019-03,6.125B,6.125B,3.418B,2.707B,1.528B,248.00M,-11.00M,189.00M,67.00M,-122.00M,,1.776B,931.00M,67.00M,189.00M,-122.00M,8.00M,-122.00M,817.00M,2.00M,815.00M,,,,815.00M,555.00M,1.006B,,2019-03,2.04,,2.067,2.04,,2019-03,,,2.047,2019-03,400.00M,403.00M,0.19,,2019-03,AOR,Restated
2018-12,6.507B,6.507B,3.583B,2.924B,1.51B,251.00M,-15.00M,172.00M,45.00M,-127.00M,,1.761B,1.163B,45.00M,172.00M,-127.00M,-24.00M,-127.00M,1.012B,114.00M,898.00M,,,,898.00M,558.00M,1.184B,,2018-12,2.23,,2.263,2.23,,2018-12,,,2.253,2018-12,402.00M,406.00M,0.17,,2018-12,AOR,Restated
2018-09,5.92B,5.92B,3.305B,2.615B,1.49B,240.00M,27.00M,162.00M,41.00M,-121.00M,,1.73B,885.00M,41.00M,162.00M,-121.00M,46.00M,-121.00M,810.00M,101.00M,709.00M,,,,709.00M,563.00M,972.00M,,2018-09,1.76,,1.701,1.76,,2018-09,,,1.692,2018-09,402.00M,406.00M,0.17,,2018-09,AOR,Restated
2018-06,6.078B,6.078B,3.34B,2.738B,1.542B,242.00M,-17.00M,170.00M,31.00M,-139.00M,,1.784B,954.00M,31.00M,170.00M,-139.00M,-9.00M,-139.00M,806.00M,54.00M,752.00M,,,,752.00M,571.00M,976.00M,,2018-06,1.87,,1.909,1.87,,2018-06,,,1.889,2018-06,403.00M,406.00M,0.17,,2018-06,AOR,Restated
2018-03,5.853B,5.853B,3.273B,2.58B,1.515B,234.00M,-45.00M,163.00M,20.00M,-143.00M,,1.749B,831.00M,20.00M,163.00M,-143.00M,-54.00M,-143.00M,634.00M,55.00M,579.00M,,,,579.00M,575.00M,797.00M,,2018-03,1.44,,1.542,1.44,,2018-03,,,1.531,2018-03,402.00M,406.00M,0.17,,2018-03,AOR,Restated
2017-12,6.047B,6.047B,3.376B,2.671B,1.479B,233.00M,-2.00M,166.00M,20.00M,-146.00M,,1.712B,959.00M,20.00M,166.00M,-146.00M,7.00M,-146.00M,820.00M,290.00M,530.00M,-2.00M,,,528.00M,574.00M,986.00M,,2017-12,1.32,,1.323,1.32,,2017-12,,,1.313,2017-12,404.00M,404.00M,0.15,,2017-12,AOR,Restated
2017-09,5.116B,5.116B,2.816B,2.30B,1.40B,217.00M,-49.00M,157.00M,25.00M,-132.00M,,1.617B,683.00M,25.00M,157.00M,-132.00M,-71.00M,-132.00M,480.00M,-54.00M,534.00M,0.00,,,534.00M,517.00M,637.00M,,2017-09,1.35,,1.424,1.35,,2017-09,,,1.414,2017-09,396.00M,400.00M,0.15,,2017-09,AOR,Restated
2017-06,4.99B,4.99B,2.706B,2.284B,1.291B,222.00M,-22.00M,134.00M,18.00M,-116.00M,,1.513B,771.00M,18.00M,134.00M,-116.00M,-29.00M,-116.00M,626.00M,13.00M,613.00M,-1.00M,,,612.00M,477.00M,760.00M,,2017-06,1.57,,1.625,1.57,,2017-06,,,1.615,2017-06,390.00M,393.00M,0.15,,2017-06,AOR,Restated
2017-03,4.765B,4.765B,2.572B,2.193B,1.334B,215.00M,-24.00M,135.00M,18.00M,-117.00M,,1.549B,644.00M,18.00M,135.00M,-117.00M,-24.00M,-117.00M,503.00M,-48.00M,551.00M,,,,551.00M,465.00M,638.00M,,2017-03,1.41,,1.447,1.41,,2017-03,,,1.437,2017-03,391.00M,394.00M,0.15,,2017-03,AOR,Restated
2016-12,4.953B,4.953B,2.671B,2.282B,1.260B,211.80M,-48.10M,130.70M,13.60M,-117.10M,,1.472B,809.50M,13.60M,130.70M,-117.10M,-40.40M,-117.10M,652.00M,19.60M,632.40M,-2.70M,,,629.70M,473.80M,782.70M,,2016-12,1.60,,1.718,1.60,,2016-12,,,1.708,2016-12,395.60M,395.60M,0.15,,2016-12,AOR,Restated
2016-09,4.491B,4.491B,2.437B,2.054B,1.275B,183.30M,-54.90M,113.30M,10.40M,-102.90M,,1.458B,596.00M,10.40M,113.30M,-102.90M,-65.20M,-102.90M,427.90M,-45.60M,473.50M,0.00,,,473.50M,433.00M,541.20M,,2016-09,1.20,,1.283,1.20,,2016-09,,,1.273,2016-09,394.70M,397.40M,0.15,,2016-09,AOR,Restated
2016-06,4.535B,4.535B,2.457B,2.078B,1.223B,182.40M,-35.40M,118.80M,13.20M,-105.60M,,1.406B,673.00M,13.20M,118.80M,-105.60M,-46.30M,-105.60M,521.10M,4.30M,516.80M,-0.20M,,,516.60M,435.10M,639.90M,,2016-06,1.31,,1.399,1.31,,2016-06,,,1.389,2016-06,393.90M,396.70M,0.15,,2016-06,AOR,Restated
2016-03,4.295B,4.295B,2.337B,1.958B,1.213B,176.50M,-50.60M,106.20M,10.80M,-95.40M,,1.389B,568.50M,10.80M,106.20M,-95.40M,-50.10M,-95.40M,423.00M,20.70M,402.30M,-0.10M,,,402.20M,416.10M,529.20M,,2016-03,1.02,,1.142,1.02,,2016-03,,,1.131,2016-03,395.80M,398.70M,0.15,,2016-03,AOR,Restated
2015-12,4.652B,4.652B,2.544B,2.108B,1.190B,180.00M,-48.10M,103.10M,9.10M,-94.00M,,1.370B,738.10M,9.10M,103.10M,-94.00M,-61.80M,-94.00M,582.30M,-23.70M,606.00M,-3.80M,,,602.20M,424.30M,685.40M,,2015-12,1.52,,1.592,1.51,,2015-12,,,1.582,2015-12,400.80M,402.90M,0.15,,2015-12,AOR,Restated
2015-09,4.123B,4.123B,2.240B,1.883B,1.133B,171.60M,-15.50M,100.60M,7.20M,-93.40M,,1.305B,578.40M,7.20M,100.60M,-93.40M,-16.90M,-93.40M,468.10M,-9.20M,477.30M,-1.20M,,,476.10M,427.70M,568.70M,,2015-09,1.20,,1.223,1.19,,2015-09,,,1.213,2015-09,399.00M,402.00M,0.15,,2015-09,AOR,Restated
2015-06,4.271B,4.271B,2.329B,1.942B,1.151B,174.60M,-20.40M,102.90M,7.70M,-95.20M,,1.326B,616.20M,7.70M,102.90M,-95.20M,-17.40M,-95.20M,503.60M,-8.00M,511.60M,0.00,,,511.60M,419.70M,606.50M,,2015-06,1.28,,1.311,1.28,,2015-06,,,1.300,2015-06,398.40M,401.50M,0.15,,2015-06,AOR,Restated
2015-03,3.919B,3.919B,2.096B,1.822B,1.137B,165.80M,-32.00M,108.40M,7.00M,-101.40M,,1.303B,519.30M,7.00M,108.40M,-101.40M,-35.90M,-101.40M,382.00M,-3.10M,385.10M,0.00,,,385.10M,416.30M,490.40M,,2015-03,0.97,,1.018,0.97,,2015-03,,,1.008,2015-03,397.80M,401.40M,0.15,,2015-03,AOR,Restated
2014-12,4.493B,4.493B,2.401B,2.092B,1.237B,182.50M,-33.70M,116.20M,9.30M,-106.90M,,1.419B,672.80M,9.30M,116.20M,-106.90M,-28.80M,-106.90M,537.10M,-66.90M,604.00M,-2.80M,,,601.20M,428.70M,653.30M,,2014-12,1.51,,1.565,1.51,,2014-12,,,1.554,2014-12,400.30M,404.10M,0.15,,2014-12,AOR,Restated
2014-09,4.171B,4.171B,2.238B,1.934B,1.229B,175.20M,110.60M,116.80M,10.50M,-106.30M,,1.404B,529.70M,10.50M,116.80M,-106.30M,115.80M,-106.30M,539.20M,69.30M,469.90M,1.70M,,,471.60M,455.70M,656.00M,,2014-09,1.17,,0.9290,1.18,,2014-09,,,0.9212,2014-09,399.90M,403.70M,0.15,,2014-09,AOR,Restated
2014-06,4.322B,4.322B,2.475B,1.846B,1.254B,183.70M,-60.90M,129.10M,16.00M,-113.10M,,1.438B,409.00M,16.00M,129.10M,-113.10M,-59.40M,-113.10M,236.50M,-42.00M,278.50M,,,,278.50M,434.80M,365.60M,,2014-06,0.70,,0.7991,0.70,,2014-06,,,0.7882,2014-06,399.40M,403.10M,0.15,,2014-06,AOR,Restated
2014-03,3.904B,3.904B,2.284B,1.62B,1.177B,149.70M,582.20M,117.80M,11.90M,-105.90M,,1.327B,293.30M,11.90M,117.80M,-105.90M,587.00M,-105.90M,774.40M,231.30M,543.10M,,,,543.10M,365.60M,892.20M,,2014-03,1.38,,0.3423,1.38,,2014-03,,,0.3356,2014-03,393.30M,398.40M,0.15,,2014-03,AOR,Restated
2013-12,3.467B,3.467B,1.985B,1.482B,898.70M,104.70M,-23.30M,69.00M,6.60M,-62.40M,,1.003B,478.30M,6.60M,69.00M,-62.40M,-38.30M,-62.40M,377.60M,34.60M,343.00M,-0.90M,,,342.10M,249.30M,446.60M,,2013-12,0.95,,1.008,0.95,,2013-12,,,0.9771,2013-12,361.80M,370.90M,0.15,,2013-12,AOR,Restated
2013-09,3.192B,3.192B,1.844B,1.348B,848.50M,95.90M,-11.40M,64.30M,7.10M,-57.20M,,944.40M,403.50M,7.10M,64.30M,-57.20M,-27.30M,-57.20M,319.00M,1.30M,317.70M,-0.10M,,,317.60M,250.40M,383.30M,,2013-09,0.88,,0.9114,0.88,,2013-09,,,0.8909,2013-09,361.20M,367.30M,0.15,,2013-09,AOR,Restated
2013-06,3.240B,3.240B,1.877B,1.363B,869.60M,96.70M,-21.50M,64.40M,7.10M,-57.30M,,966.30M,396.90M,7.10M,64.40M,-57.30M,-59.60M,-57.30M,280.00M,2.40M,277.60M,-0.20M,,,277.40M,249.20M,344.40M,,2013-06,0.77,,0.8292,0.77,,2013-06,,,0.8186,2013-06,360.00M,363.50M,0.15,,2013-06,AOR,Restated
2013-03,3.192B,3.192B,1.855B,1.336B,829.50M,98.20M,-21.50M,64.40M,7.20M,-57.20M,,927.70M,408.60M,7.20M,64.40M,-57.20M,-8.50M,-57.20M,342.90M,2.10M,340.80M,-4.60M,,,336.20M,251.00M,407.30M,,2013-03,0.95,,1.010,0.94,,2013-03,,,0.9991,2013-03,358.10M,361.70M,0.15,,2013-03,AOR,Restated
2012-12,3.259B,3.259B,1.873B,1.386B,856.60M,98.50M,-30.40M,66.20M,6.20M,-60.00M,,955.10M,431.00M,6.20M,66.20M,-60.00M,-27.50M,-60.00M,343.50M,-42.30M,385.80M,-9.40M,,,376.40M,254.40M,409.70M,,2012-12,1.07,,1.125,1.05,,2012-12,,,1.115,2012-12,358.40M,361.80M,0.15,,2012-12,AOR,Restated
2012-09,3.086B,3.086B,1.787B,1.298B,839.00M,92.00M,-15.20M,60.30M,5.90M,-54.40M,,931.00M,367.40M,5.90M,60.30M,-54.40M,-16.60M,-54.40M,296.40M,-3.00M,299.40M,-9.00M,,,290.40M,245.20M,356.70M,,2012-09,0.83,,0.8572,0.80,,2012-09,,,0.8470,2012-09,362.60M,365.40M,0.13,,2012-09,AOR,Restated
2012-06,3.108B,3.108B,1.787B,1.321B,835.00M,94.20M,-24.30M,57.40M,6.70M,-50.70M,,929.20M,392.10M,6.70M,57.40M,-50.70M,-23.00M,-50.70M,318.40M,26.00M,292.40M,-58.60M,,,233.80M,241.60M,375.80M,,2012-06,0.80,,0.8608,0.64,,2012-06,,,0.8504,2012-06,367.00M,369.20M,0.13,,2012-06,AOR,Restated
2012-03,3.057B,3.057B,1.767B,1.290B,824.30M,91.70M,-12.20M,57.70M,6.40M,-51.30M,,916.00M,373.70M,6.40M,57.70M,-51.30M,-11.30M,-51.30M,311.10M,30.30M,280.80M,-3.50M,,,277.30M,242.50M,368.80M,,2012-03,0.76,,0.7900,0.76,,2012-03,,,0.7898,2012-03,367.30M,370.10M,0.13,,2012-03,AOR,Restated
2011-12,3.089B,3.089B,1.792B,1.298B,824.90M,95.50M,-45.10M,59.10M,8.40M,-50.70M,,920.40M,377.40M,8.40M,59.10M,-50.70M,-14.60M,-50.70M,312.10M,19.60M,292.50M,-3.60M,,,288.90M,245.60M,371.20M,,2011-12,0.78,,0.8932,0.77,,2011-12,,,0.8824,2011-12,373.30M,376.10M,0.00,,2011-12,AOR,Restated
2011-09,2.933B,2.933B,1.714B,1.219B,804.50M,86.80M,-18.50M,49.50M,6.80M,-42.70M,,891.30M,327.60M,6.80M,49.50M,-42.70M,-18.50M,-42.70M,266.40M,0.10M,266.30M,-0.90M,,,265.40M,228.80M,315.90M,,2011-09,0.70,,0.7487,0.70,,2011-09,,,0.7483,2011-09,379.50M,382.70M,0.00,,2011-09,AOR,Restated
2011-06,2.854B,2.854B,1.693B,1.161B,772.90M,83.20M,-17.80M,38.90M,6.60M,-32.30M,,856.10M,304.90M,6.60M,38.90M,-32.30M,-17.80M,-32.30M,254.80M,37.70M,217.10M,306.30M,,,523.40M,200.90M,293.70M,,2011-06,0.57,,0.6097,1.37,,2011-06,,,0.5993,2011-06,381.90M,385.90M,0.00,,2011-06,AOR,Restated
2011-03,2.721B,2.721B,1.601B,1.120B,708.70M,74.80M,-15.00M,27.80M,5.00M,-22.80M,,783.50M,336.80M,5.00M,27.80M,-22.80M,-15.00M,-22.80M,299.00M,51.80M,247.20M,5.00M,,,252.20M,184.30M,326.80M,,2011-03,0.64,,0.6719,0.65,,2011-03,,,0.6614,2011-03,388.60M,394.60M,0.00,,2011-03,AOR,Restated
2010-12,2.542B,2.542B,1.457B,1.085B,680.30M,77.20M,-3.70M,19.50M,3.70M,-15.80M,,757.50M,327.20M,3.70M,19.50M,-15.80M,-31.80M,-15.80M,279.60M,5.60M,274.00M,23.50M,,,297.50M,184.70M,299.10M,,2010-12,0.70,,0.7092,0.75,,2010-12,,,0.6991,2010-12,393.70M,398.90M,0.00,,2010-12,AOR,Restated
2010-09,2.629B,2.629B,1.567B,1.062B,677.00M,71.50M,-10.00M,19.10M,3.40M,-15.70M,,748.50M,313.00M,3.40M,19.10M,-15.70M,-10.00M,-15.70M,287.30M,28.50M,258.80M,9.70M,,,268.50M,182.40M,306.40M,,2010-09,0.65,,0.6725,0.67,,2010-09,,,0.6623,2010-09,400.70M,404.50M,0.00,,2010-09,AOR,
2010-06,2.596B,2.596B,1.547B,1.049B,673.20M,69.60M,-24.10M,23.80M,2.90M,-20.90M,,742.80M,306.10M,2.90M,23.80M,-20.90M,-24.10M,-20.90M,261.10M,32.40M,228.70M,8.60M,,,237.30M,185.30M,284.90M,,2010-06,0.56,,0.6116,0.58,,2010-06,,,0.6008,2010-06,409.30M,415.90M,0.00,,2010-06,AOR,Restated
2010-03,2.627B,2.627B,1.560B,1.066B,698.30M,66.10M,-22.40M,22.30M,2.40M,-19.90M,,764.40M,302.00M,2.40M,22.30M,-19.90M,-22.40M,-19.90M,259.70M,35.10M,224.60M,7.70M,,,232.30M,193.60M,282.00M,,2010-03,0.55,,0.5973,0.57,,2010-03,,,0.5863,2010-03,409.60M,418.20M,0.00,,2010-03,AOR,Restated
2009-12,2.839B,2.839B,1.701B,1.138B,720.90M,69.30M,-41.70M,29.10M,3.60M,-25.50M,,790.20M,348.10M,3.60M,29.10M,-25.50M,-41.70M,-25.50M,280.90M,6.60M,274.30M,-1.00M,,,273.30M,207.20M,310.00M,,2009-12,0.67,,0.7696,0.67,,2009-12,,,0.7464,2009-12,408.80M,422.20M,0.00,,2009-12,AOR,Restated
2009-09,2.531B,2.531B,1.520B,1.011B,662.10M,60.50M,-15.00M,29.20M,2.50M,-26.70M,,722.60M,288.60M,2.50M,29.20M,-26.70M,-15.00M,-26.70M,246.90M,25.70M,221.20M,0.00,,,221.20M,195.50M,276.10M,,2009-09,0.54,,0.5729,0.54,,2009-09,,,0.5620,2009-09,407.90M,420.20M,0.00,,2009-09,AOR,Restated
2009-06,2.484B,2.484B,1.496B,988.30M,660.90M,58.10M,-12.30M,29.60M,4.70M,-24.90M,,719.00M,269.30M,4.70M,29.60M,-24.90M,-12.30M,-24.90M,232.10M,25.20M,206.90M,0.00,,,206.90M,194.30M,261.70M,,2009-06,0.50,,0.5264,0.50,,2009-06,,,0.5159,2009-06,415.30M,423.70M,0.00,,2009-06,AOR,Restated
2009-03,2.255B,2.255B,1.368B,886.90M,625.00M,58.20M,-11.60M,30.20M,5.30M,-24.90M,,683.20M,203.70M,5.30M,30.20M,-24.90M,-11.60M,-24.90M,167.20M,18.30M,148.90M,0.00,,,148.90M,190.30M,197.40M,,2009-03,0.36,,0.3847,0.36,,2009-03,,,0.3743,2009-03,417.70M,425.30M,0.00,,2009-03,AOR,Restated
2008-12,2.646B,2.646B,1.579B,1.067B,663.10M,60.90M,-19.90M,34.00M,11.60M,-22.40M,,724.00M,343.00M,11.60M,34.00M,-22.40M,-25.50M,-22.40M,295.10M,7.60M,287.50M,-0.50M,,,287.00M,194.40M,329.10M,,2008-12,0.69,,0.7364,0.68,,2008-12,,,0.7154,2008-12,418.20M,427.50M,0.00,,2008-12,,Restated
2008-09,2.588B,2.588B,1.555B,1.033B,669.30M,61.80M,-18.30M,39.70M,14.90M,-24.80M,,731.10M,301.70M,14.90M,39.70M,-24.80M,-18.30M,-24.80M,258.60M,43.70M,214.90M,3.20M,,,218.10M,199.70M,298.30M,,2008-09,0.51,,0.5463,0.52,,2008-09,,,0.5247,2008-09,419.00M,438.30M,0.00,,2008-09,,Restated
2008-06,2.710B,2.710B,1.622B,1.088B,698.90M,64.40M,4.20M,,,,,763.30M,324.80M,,,,4.20M,,307.50M,61.20M,246.30M,3.20M,,,249.50M,199.80M,324.80M,,2008-06,0.59,,0.5820,0.60,,2008-06,,,0.5523,2008-06,418.00M,437.20M,0.00,,2008-06,,
2008-03,2.554B,2.554B,1.536B,1.018B,661.10M,62.00M,2.60M,,,,,723.10M,295.30M,,,,2.60M,,277.60M,44.20M,233.40M,-0.40M,,,233.00M,198.80M,295.30M,,2008-03,0.56,,0.5548,0.56,,2008-03,,,0.5350,2008-03,417.50M,436.20M,0.00,,2008-03,,
2007-12,2.621B,2.621B,1.581B,1.040B,675.80M,61.40M,-23.80M,,,,,737.20M,302.70M,,,,-21.20M,,258.00M,23.70M,234.30M,5.50M,,,239.80M,196.80M,302.70M,,2007-12,0.56,,0.6118,0.58,,2007-12,,,0.5790,2007-12,417.60M,440.70M,0.00,,2007-12,,
2007-09,2.401B,2.401B,1.453B,948.10M,626.50M,58.80M,-8.60M,,,,,685.30M,262.80M,,,,-8.60M,,235.30M,16.70M,218.60M,-0.10M,,,218.50M,187.60M,262.80M,,2007-09,0.52,,0.5388,0.51,,2007-09,,,0.5079,2007-09,424.30M,446.60M,0.00,,2007-09,,
2007-06,2.386B,2.386B,1.449B,936.60M,626.60M,58.70M,-6.40M,,,,,685.30M,251.30M,,,,-6.40M,,222.30M,34.40M,187.90M,-24.00M,,,163.90M,187.10M,251.30M,,2007-06,0.44,,0.4528,0.39,,2007-06,,,0.4321,2007-06,424.00M,446.50M,0.00,,2007-06,,
2007-03,2.338B,2.338B,1.458B,879.90M,620.30M,59.80M,-5.80M,,,,,680.10M,199.80M,,,,-5.80M,,165.70M,26.90M,138.80M,0.10M,,,138.90M,185.30M,199.80M,,2007-03,0.33,,0.3416,0.33,,2007-03,,,0.3210,2007-03,420.10M,441.10M,0.00,,2007-03,,
2006-12,1.669B,1.669B,1.075B,594.06M,482.90M,52.18M,-33.42M,,,,,535.09M,58.97M,,,,-31.59M,,7.17M,-17.75M,24.92M,0.419M,,,25.34M,124.57M,58.97M,,2006-12,0.0598,,0.1079,0.0608,,2006-12,,,0.1079,2006-12,416.61M,416.61M,0.00,,2006-12,,
2006-09,724.90M,724.90M,388.10M,336.80M,217.90M,38.60M,-4.50M,,,,,256.50M,80.30M,,,,-4.50M,,69.30M,20.50M,48.80M,,,,48.80M,39.76M,80.30M,,2006-09,0.31,,0.3301,0.31,,2006-09,,,0.3195,2006-09,157.70M,162.20M,0.00,,2006-09,,
2006-06,713.47M,713.47M,388.98M,324.49M,206.92M,40.62M,-3.622M,,,,,247.54M,76.95M,,,,-3.622M,,68.79M,19.85M,48.94M,-1.063M,,,47.88M,39.12M,76.95M,,2006-06,0.30,,0.3160,0.30,,2006-06,,,0.3156,2006-06,161.29M,165.52M,0.00,,2006-06,,
2006-03,684.30M,684.30M,371.70M,312.60M,202.50M,38.70M,-3.10M,,,,-0.045M,241.16M,71.44M,,,,-3.10M,,64.10M,20.50M,43.60M,3.30M,,,46.90M,37.32M,71.44M,,2006-03,0.27,,0.2829,0.29,,2006-03,,,0.2726,2006-03,163.00M,167.00M,0.00,,2006-03,,
2005-12,740.79M,740.79M,398.23M,342.56M,211.37M,38.23M,-3.765M,,,,,249.60M,92.96M,,,,-3.597M,,84.84M,29.48M,55.36M,1.044M,,,56.40M,37.93M,92.96M,,2005-12,0.34,,0.3551,0.35,,2005-12,,,0.3548,2005-12,162.34M,166.31M,0.00,,2005-12,,
2005-09,679.41M,679.41M,373.71M,305.70M,194.32M,38.78M,-7.124M,,,,,233.11M,72.59M,,,,-7.124M,,59.36M,18.76M,40.60M,17.14M,,,57.73M,37.91M,72.59M,,2005-09,0.25,,0.2801,0.36,,2005-09,,,0.2794,2005-09,161.79M,165.64M,0.00,,2005-09,,
2005-06,653.62M,653.62M,366.17M,287.46M,192.59M,39.43M,27.98M,,,,0.09M,232.12M,55.34M,,,,27.98M,,78.72M,21.96M,56.76M,3.463M,,,60.22M,29.87M,55.34M,,2005-06,0.35,,0.2249,0.37,,2005-06,,,0.2275,2005-06,161.26M,164.66M,0.00,,2005-06,,
2005-03,559.21M,559.21M,299.97M,259.23M,163.50M,36.33M,3.394M,,,,,199.83M,59.40M,,,,3.394M,,62.98M,17.40M,45.58M,3.273M,,,48.86M,17.57M,59.40M,,2005-03,0.28,,0.2647,0.30,,2005-03,,,0.2651,2005-03,160.96M,164.73M,0.00,,2005-03,,
2004-12,613.34M,613.34M,329.56M,283.78M,175.97M,34.94M,-1.684M,,,,,210.91M,72.87M,,,,-0.951M,,72.01M,-13.47M,85.48M,35.62M,,,121.10M,18.75M,72.87M,,2004-12,0.53,,0.5363,0.75,,2004-12,,,0.5261,2004-12,160.24M,164.48M,0.00,,2004-12,,
2004-09,542.32M,542.32M,291.36M,250.96M,153.42M,32.87M,-2.346M,,,,,186.30M,64.66M,,,,-2.346M,,62.09M,19.45M,42.64M,64.84M,,,107.48M,16.28M,64.66M,,2004-09,0.26,,0.2700,0.66,,2004-09,,,0.2697,2004-09,161.51M,165.57M,0.00,,2004-09,,
2004-06,525.31M,525.31M,286.42M,238.88M,146.51M,32.59M,10.88M,,,,,179.10M,59.78M,,,,10.88M,,69.64M,19.06M,50.58M,40.50M,,,91.08M,16.43M,59.78M,,2004-06,0.31,,0.2623,0.55,,2004-06,,,0.2537,2004-06,165.57M,170.52M,0.00,,2004-06,,
2004-03,525.03M,525.03M,284.17M,240.86M,150.56M,34.27M,0.253M,,,,,184.83M,56.03M,,,,0.253M,,55.48M,15.81M,39.66M,3.457M,,,43.12M,14.68M,56.03M,,2004-03,0.24,,0.2389,0.24,,2004-03,,,0.2389,2004-03,165.21M,170.00M,0.00,,2004-03,,
2003-12,528.92M,528.92M,285.44M,243.47M,138.60M,32.23M,-13.50M,,,,,170.84M,72.63M,,,,-13.01M,,58.98M,11.50M,47.49M,10.24M,,,57.73M,11.98M,72.63M,,2003-12,0.29,,0.3565,0.38,,2003-12,,,0.3447,2003-12,163.43M,167.81M,0.00,,2003-12,,
2003-09,448.57M,448.57M,239.82M,208.74M,122.63M,30.44M,-2.735M,,,,,153.08M,55.66M,,,,-2.735M,,52.38M,13.39M,39.00M,9.52M,,,48.52M,5.679M,55.66M,,2003-09,0.24,,0.2525,0.30,,2003-09,,,0.2520,2003-09,162.53M,169.16M,0.00,,2003-09,,
2003-06,467.27M,467.27M,250.15M,217.12M,130.08M,32.61M,6.035M,,,,,162.69M,54.43M,,,,6.035M,,62.19M,7.545M,54.64M,-1.502M,,,53.14M,15.02M,54.43M,,2003-06,0.34,,0.3073,0.33,,2003-06,,,0.2993,2003-06,162.05M,172.46M,0.00,,2003-06,,
2003-03,500.20M,500.20M,276.37M,223.84M,139.12M,37.32M,-2.982M,,,,,176.44M,47.40M,,,,-2.982M,,45.20M,13.81M,31.39M,5.036M,,,36.43M,14.03M,47.40M,,2003-03,0.19,,0.2027,0.22,,2003-03,,,0.2025,2003-03,162.84M,165.61M,0.00,,2003-03,,
2002-12,331.75M,331.75M,164.96M,166.79M,91.76M,15.04M,21.35M,,,,,106.80M,60.00M,,,,19.18M,,73.55M,22.65M,50.56M,35.94M,,,87.15M,14.18M,60.00M,,2002-12,0.31,,0.2189,0.53,,2002-12,,,0.2189,2002-12,162.25M,162.25M,0.00,,2002-12,,
2002-09,517.17M,517.17M,288.51M,228.66M,139.33M,37.55M,2.485M,,,,,176.88M,51.78M,,,,2.485M,,56.61M,17.63M,38.98M,,,,39.02M,13.83M,51.78M,,2002-09,0.24,0.0002,0.2297,0.24,,2002-09,,0.0002,0.2203,2002-09,165.70M,176.34M,0.00,,2002-09,,
2002-06,509.11M,509.11M,279.32M,229.79M,139.37M,39.75M,20.40M,,,,,179.12M,50.66M,,,,20.40M,,73.46M,23.98M,49.49M,19.00M,,,68.52M,13.84M,50.66M,,2002-06,0.29,0.0002,0.2097,0.40,,2002-06,,0.0001,0.2064,2002-06,171.12M,186.74M,0.00,,2002-06,,
2002-03,491.33M,491.33M,267.67M,223.66M,138.91M,39.63M,49.58M,,,,,178.54M,45.12M,,,,51.75M,,98.07M,33.69M,64.38M,51.37M,,0.331M,115.04M,14.54M,45.12M,,2002-03,0.37,-0.0041,0.1832,0.66,,2002-03,,-0.0041,0.1806,2002-03,174.25M,204.19M,0.00,,2002-03,,
2001-12,559.71M,559.71M,322.89M,236.82M,156.12M,40.58M,-60.42M,,,,,196.70M,40.12M,,,,-63.34M,,-13.83M,-7.829M,-7.327M,0.00,0.00,4.514M,-6.868M,24.44M,40.12M,,2001-12,0.11,0.0027,0.3097,-0.03,,2001-12,-0.0002,0.0027,0.2960,2001-12,181.59M,185.02M,0.00,,2001-12,,
2001-09,512.94M,512.94M,284.46M,228.49M,148.32M,41.96M,-0.595M,,,,,190.28M,38.21M,,,,1.056M,,40.24M,15.09M,25.68M,,,0.527M,26.28M,25.54M,38.21M,,2001-09,0.14,0.0033,0.1421,0.15,,2001-09,,0.0033,0.1420,2001-09,180.28M,182.82M,0.00,,2001-09,,
2001-06,542.47M,542.47M,304.41M,238.06M,155.50M,44.71M,-22.14M,,,,,200.20M,37.86M,,,,-21.08M,,14.02M,5.411M,9.423M,15.56M,,0.817M,24.98M,24.59M,37.86M,,2001-06,0.05,,0.1248,0.14,,2001-06,,,0.1234,2001-06,181.63M,185.06M,0.00,,2001-06,,
2001-03,573.09M,573.09M,317.84M,255.25M,160.17M,44.36M,-13.07M,,,,,204.53M,50.72M,,,,-12.86M,,36.09M,14.26M,21.82M,-66.00M,-0.994M,-0.018M,-45.18M,23.94M,50.72M,,2001-03,0.12,,0.1632,-0.25,,2001-03,-0.0054,,0.1622,2001-03,182.86M,187.18M,0.00,,2001-03,,
2000-12,577.02M,577.02M,316.38M,260.64M,157.28M,41.60M,-109.07M,,,,,198.88M,61.77M,,,,-67.98M,,30.84M,12.25M,18.59M,-94.79M,0.00,-0.516M,-76.20M,22.89M,61.77M,,2000-12,0.05,-0.0000,0.4419,-0.47,,2000-12,0.0006,-0.0000,0.4419,2000-12,167.75M,167.75M,0.00,,2000-12,,
2000-09,546.95M,546.95M,320.60M,226.35M,152.99M,40.61M,76.95M,,,,,193.60M,32.75M,,,,50.93M,,73.32M,66.04M,7.281M,4.998M,,0.17M,12.28M,26.64M,32.75M,,2000-09,0.04,,-0.2224,0.07,,2000-09,,,-0.2159,2000-09,175.98M,180.44M,0.00,,2000-09,,
2000-06,579.95M,579.95M,313.70M,266.25M,166.97M,46.10M,6.372M,,,,,213.07M,53.18M,,,,4.646M,,44.02M,17.84M,21.70M,2.557M,,-4.482M,24.26M,24.70M,53.18M,,2000-06,0.14,,0.1155,0.16,,2000-06,,,0.1058,2000-06,156.02M,157.77M,0.00,,2000-06,,
2000-03,576.60M,576.60M,284.75M,291.86M,169.68M,48.44M,12.42M,,,,,241.39M,50.47M,,,,-0.919M,,36.30M,16.08M,14.48M,1.461M,-12.92M,-5.739M,3.554M,23.26M,50.47M,,2000-03,0.09,0.0034,0.0425,0.02,,2000-03,-0.0824,0.0034,0.0427,2000-03,156.81M,157.46M,0.00,,2000-03,,
1999-12,658.99M,658.99M,340.05M,318.94M,174.57M,45.27M,-54.50M,,,,,247.74M,71.21M,,,,-54.50M,,48.68M,26.41M,22.27M,-27.81M,,-7.864M,-4.04M,27.90M,71.21M,,1999-12,0.47,,0.6774,-0.02,,1999-12,,,0.6761,1999-12,157.70M,158.64M,0.00,,1999-12,,
1999-09,624.29M,624.29M,318.89M,305.40M,167.84M,43.35M,12.24M,,,,,239.76M,65.64M,,,,12.24M,,56.13M,24.72M,31.41M,4.917M,,-6.81M,36.33M,29.40M,65.64M,,1999-09,0.20,,0.1536,0.23,,1999-09,,,0.1436,1999-09,158.20M,158.38M,0.00,,1999-09,,
1999-06,632.17M,632.17M,305.08M,327.08M,176.40M,44.44M,-184.14M,,,,,266.75M,60.34M,,,,-184.14M,,-121.81M,-35.46M,-86.35M,-148.84M,,1.99M,-235.19M,29.07M,60.34M,,1999-06,-0.55,,0.2770,-1.49,,1999-06,,,0.2770,1999-06,157.84M,157.84M,0.00,,1999-06,,
1999-03,555.75M,555.75M,284.87M,270.88M,154.19M,38.03M,-9.594M,,,,,219.47M,51.41M,,,,-9.594M,,35.50M,17.44M,18.07M,10.23M,,-6.316M,28.30M,27.24M,51.41M,,1999-03,0.11,,0.1466,0.18,,1999-03,,,0.1446,1999-03,157.22M,166.46M,0.00,,1999-03,,
1998-12,-813.40M,-813.40M,-452.00M,-361.40M,-142.10M,-150.10M,-90.80M,,,,,-321.50M,-39.90M,,,,-90.80M,,-50.80M,-25.50M,-25.30M,,,2.80M,37.10M,-29.30M,-39.90M,,1998-12,-0.31,-0.0270,0.0272,0.23,,1998-12,,-0.0270,0.0272,1998-12,161.55M,161.55M,0.00,,1998-12,,
1998-09,977.20M,977.20M,513.30M,463.90M,234.20M,93.20M,-19.00M,,,,,368.60M,95.30M,,,,-19.00M,,53.90M,38.20M,15.70M,,,2.70M,17.60M,46.80M,95.30M,,1998-09,0.11,0.0119,0.1812,0.11,,1998-09,,0.0108,0.1648,1998-09,160.00M,176.00M,0.00,,1998-09,,
1998-06,947.80M,947.80M,484.00M,463.80M,223.80M,94.00M,21.90M,,,,,358.30M,105.50M,,,,21.90M,,110.70M,51.10M,59.60M,,2.20M,-16.70M,61.80M,40.50M,105.50M,,1998-06,0.37,,0.2913,0.37,,1998-06,0.0121,,0.2677,1998-06,167.03M,181.76M,0.00,,1998-06,,
