,OperatingRevenue,Revenue,CostofGoodsSold,GrossProfit,SG&AExpense,SpecialIncomeandCharges,OperatingInterestExpense,OperatingInterestIncome,NetOperatingInterestIncome,OtherOperatingExpenses,TotalOperatingExpenses,OperatingIncome,Non-OperatingInterestIncome,Non-OperatingInterestExpense,NetNon-OperatingInterestIncomeExpense,OtherIncomeandExpenses,NetInterestIncome,Pre-TaxIncome,ProvisionforIncomeTaxes,IncomefromContinuingOperations,"ExtraordinaryItems,IncomeStatement",IncomeAttributabletoMinorityInterest,NetIncome,NormalizedIncome,EBITDA,,BasicEPS(Quarterly),EPSBasicfromContinuingOperations,EPSBasicfromDiscontinuedOperations,EPSBasicfromExtraordinaries,,DilutedEPS(Quarterly),EPSDilutedfromContinuingOperations,EPSDilutedfromDiscontinuedOperations,EPSDilutedfromExtraordinaries,,SharesData(Quarterly),AverageBasicSharesOutstanding,,SECFilingLinks,AsOriginallyReported,Restated
2020-09,6.400B,6.400B,4.754B,1.647B,597.70M,0.00,,,,,597.70M,1.049B,,,,7.00M,,1.056B,224.90M,831.20M,,-2.20M,829.00M,829.00M,1.072B,,2020-09,2.28,,,,2020-09,2.24,,,,2020-09,364.00M,,2020-09,AOR,
2020-06,5.39B,5.39B,4.085B,1.305B,527.50M,0.00,,,,,527.50M,777.80M,,,,4.60M,,782.40M,149.50M,632.90M,,-2.20M,630.70M,630.70M,796.40M,,2020-06,1.73,,,,2020-06,1.72,,,,2020-06,363.80M,,2020-06,AOR,
2020-03,4.50B,4.50B,3.451B,1.049B,466.80M,28.50M,,,,,466.80M,582.40M,,,,38.90M,,621.30M,137.30M,484.00M,,-1.30M,482.70M,460.50M,602.20M,,2020-03,1.32,,,,2020-03,1.30,,,,2020-03,365.80M,,2020-03,AOR,
2019-12,4.021B,4.021B,3.084B,936.50M,455.80M,31.10M,,,,,455.80M,480.70M,,,,42.60M,,523.30M,90.80M,432.50M,,-1.20M,431.30M,405.61M,499.70M,,2019-12,1.17,,,,2019-12,1.16,,,,2019-12,368.30M,,2019-12,AOR,
2019-09,5.039B,5.039B,3.882B,1.157B,505.50M,0.00,,,,,505.50M,651.90M,,,,8.20M,,660.10M,156.20M,503.90M,,1.40M,505.30M,505.30M,671.50M,,2019-09,1.37,,,,2019-09,1.35,,,,2019-09,369.90M,,2019-09,AOR,Restated
2019-06,4.906B,4.906B,3.832B,1.075B,480.00M,22.60M,,,,,480.00M,594.70M,,,,32.00M,,626.70M,153.10M,473.60M,,1.20M,474.80M,457.71M,613.00M,,2019-06,1.28,,,,2019-06,1.26,,,,2019-06,372.30M,,2019-06,AOR,Restated
2019-03,4.129B,4.129B,3.257B,872.00M,444.20M,29.30M,,,,,444.20M,427.80M,,,,35.00M,,462.80M,108.40M,354.40M,,-3.10M,351.30M,328.86M,445.00M,,2019-03,0.94,,,,2019-03,0.93,,,,2019-03,373.30M,,2019-03,AOR,Restated
2018-12,3.519B,3.519B,2.751B,767.90M,402.80M,2.00M,,,,,402.80M,365.10M,,,,10.60M,,375.70M,89.00M,286.70M,,0.50M,287.20M,285.67M,382.00M,,2018-12,0.77,,,,2018-12,0.76,,,,2018-12,375.10M,,2018-12,AOR,Restated
2018-09,4.505B,4.505B,3.459B,1.046B,456.90M,4.30M,,,,,456.90M,589.10M,,,,18.60M,,607.70M,138.80M,468.90M,,-2.70M,466.20M,462.88M,604.90M,,2018-09,1.24,,,,2018-09,1.22,,,,2018-09,376.60M,,2018-09,AOR,Restated
2018-06,4.435B,4.435B,3.397B,1.038B,434.90M,0.00,,,,,434.90M,603.20M,,,,13.00M,,616.20M,162.50M,453.70M,,0.10M,453.80M,453.80M,616.70M,,2018-06,1.20,,,,2018-06,1.18,,,,2018-06,377.40M,,2018-06,AOR,Restated
2018-03,3.795B,3.795B,2.962B,833.10M,400.90M,1.10M,,,,,400.90M,432.20M,,,,12.60M,,444.80M,94.00M,350.80M,,0.20M,351.00M,350.13M,449.10M,,2018-03,0.93,,,,2018-03,0.91,,,,2018-03,376.80M,,2018-03,AOR,Restated
2017-12,3.333B,3.333B,2.580B,752.60M,384.20M,13.40M,,,,,384.20M,368.40M,,,,22.80M,,391.20M,202.40M,188.80M,,0.50M,189.30M,181.26M,384.60M,,2017-12,0.50,,,,2017-12,0.49,,,,2017-12,375.80M,,2017-12,AOR,Restated
2017-09,4.159B,4.159B,3.264B,895.20M,416.10M,,,,,,416.10M,479.10M,,,,6.50M,,485.60M,172.30M,313.30M,,,313.30M,313.30M,493.40M,,2017-09,0.84,,,,2017-09,0.82,,,,2017-09,374.90M,,2017-09,AOR,Restated
2017-06,3.776B,3.776B,2.961B,815.30M,374.50M,,,,,,374.50M,440.80M,,,,3.70M,,444.50M,155.50M,289.00M,,,289.00M,289.00M,453.90M,,2017-06,0.77,,,,2017-06,0.76,,,,2017-06,374.80M,,2017-06,AOR,Restated
2017-03,3.251B,3.251B,2.550B,701.40M,355.20M,0.00,,,,,355.20M,346.20M,,,,7.70M,,353.90M,124.70M,229.20M,,0.00,229.20M,229.20M,359.10M,,2017-03,0.61,,,,2017-03,0.60,,,,2017-03,374.40M,,2017-03,AOR,Restated
2016-12,2.904B,2.904B,2.268B,636.30M,325.90M,,,,,,325.90M,310.40M,,,,7.70M,,318.10M,111.20M,206.90M,,,206.90M,206.90M,324.80M,,2016-12,0.55,,,,2016-12,0.55,,,,2016-12,373.30M,,2016-12,AOR,Restated
2016-09,3.741B,3.741B,2.918B,822.90M,384.80M,,,,,,384.80M,438.10M,,,,7.80M,,433.10M,149.40M,283.70M,,,283.70M,283.70M,457.70M,,2016-09,0.76,,,,2016-09,0.75,,,,2016-09,372.80M,,2016-09,AOR,Restated
2016-06,3.232B,3.232B,2.523B,708.90M,336.80M,,,4.60M,4.60M,,336.80M,372.10M,4.60M,,4.60M,1.90M,4.60M,378.60M,128.80M,249.80M,,,249.80M,249.80M,385.90M,,2016-06,0.67,,,,2016-06,0.66,,,,2016-06,371.80M,,2016-06,AOR,Restated
2016-03,2.768B,2.768B,2.169B,598.60M,309.20M,,,3.50M,3.50M,,309.20M,289.40M,3.50M,,3.50M,7.60M,3.50M,300.50M,105.40M,195.10M,,,195.10M,195.10M,303.40M,,2016-03,0.53,,,,2016-03,0.52,,,,2016-03,370.20M,,2016-03,AOR,Restated
2015-12,2.416B,2.416B,1.892B,524.20M,289.40M,,,4.80M,4.80M,,289.40M,234.80M,4.80M,,4.80M,1.70M,4.80M,241.30M,83.60M,157.70M,,,157.70M,157.70M,248.40M,,2015-12,0.43,,,,2015-12,0.42,,,,2015-12,369.30M,,2015-12,AOR,Restated
2015-09,3.172B,3.172B,2.509B,663.60M,323.20M,,,14.30M,14.30M,,323.20M,340.40M,14.30M,,14.30M,-15.90M,14.30M,338.80M,99.90M,238.90M,,,238.90M,238.90M,354.80M,,2015-09,0.65,,,,2015-09,0.64,,,,2015-09,367.50M,,2015-09,AOR,Restated
2015-06,2.951B,2.951B,2.320B,630.40M,303.80M,,,3.30M,3.30M,,303.80M,326.60M,3.30M,,3.30M,3.90M,3.30M,333.80M,112.40M,221.40M,,,221.40M,221.40M,340.90M,,2015-06,0.60,,,,2015-06,0.60,,,,2015-06,366.80M,,2015-06,AOR,Restated
2015-03,2.398B,2.398B,1.892B,506.00M,283.10M,,,2.70M,2.70M,,283.10M,222.90M,2.70M,,2.70M,4.50M,2.70M,230.10M,82.20M,147.90M,,,147.90M,147.90M,236.00M,,2015-03,0.40,,,,2015-03,0.40,,,,2015-03,365.80M,,2015-03,AOR,Restated
2014-12,2.303B,2.303B,1.814B,488.20M,275.80M,,,2.80M,2.80M,,275.80M,212.40M,2.80M,,2.80M,5.50M,2.80M,220.70M,78.20M,142.50M,,,142.50M,142.50M,224.70M,,2014-12,0.39,,,,2014-12,0.39,,,,2014-12,364.90M,,2014-12,AOR,Restated
2014-09,2.472B,2.472B,1.950B,522.70M,278.50M,,,10.30M,10.30M,,278.50M,244.20M,10.30M,,10.30M,-3.70M,10.30M,250.80M,84.60M,166.20M,,,166.20M,166.20M,256.00M,,2014-09,0.46,,,,2014-09,0.45,,,,2014-09,364.80M,,2014-09,AOR,Restated
2014-06,2.147B,2.147B,1.726B,421.50M,255.70M,,,2.90M,2.90M,,255.70M,165.80M,2.90M,,2.90M,3.10M,2.90M,171.80M,58.70M,113.10M,,,113.10M,113.10M,175.70M,,2014-06,0.32,,,,2014-06,0.32,,,,2014-06,349.70M,,2014-06,AOR,Restated
2014-03,1.735B,1.735B,1.320B,415.20M,218.10M,,,2.00M,2.00M,,218.10M,197.10M,2.00M,,2.00M,2.80M,2.00M,201.90M,70.90M,131.00M,,,131.00M,131.00M,206.00M,,2014-03,0.40,,,,2014-03,0.38,,,,2014-03,324.30M,,2014-03,AOR,Restated
2013-12,1.671B,1.671B,1.274B,397.00M,213.20M,,,2.60M,2.60M,,213.20M,183.80M,2.60M,,2.60M,3.30M,2.60M,189.70M,66.50M,123.20M,,,123.20M,123.20M,191.60M,,2013-12,0.38,,,,2013-12,0.3381,,,,2013-12,323.10M,,2013-12,AOR,Restated
2013-09,1.860B,1.860B,1.446B,413.40M,218.10M,,0.00,2.80M,2.80M,,218.10M,195.30M,2.80M,0.00,2.80M,4.60M,2.80M,202.70M,63.20M,139.50M,,,139.50M,139.50M,209.40M,,2013-09,0.43,,,,2013-09,0.40,,,,2013-09,323.00M,,2013-09,AOR,Restated
2013-06,1.693B,1.693B,1.295B,397.40M,198.80M,,0.00,2.70M,2.70M,,198.80M,198.60M,2.70M,0.00,2.70M,3.80M,2.70M,205.10M,59.10M,146.00M,,,146.00M,146.00M,211.00M,,2013-06,0.45,,,,2013-06,0.3993,,,,2013-06,322.60M,,2013-06,AOR,Restated
2013-03,1.432B,1.432B,1.109B,322.40M,183.10M,,1.90M,1.50M,-0.40M,,183.10M,139.30M,1.50M,1.90M,-0.40M,3.20M,-0.40M,142.10M,31.10M,111.00M,,,111.00M,111.00M,149.30M,,2013-03,0.35,,,,2013-03,0.3038,,,,2013-03,321.70M,,2013-03,AOR,Restated
2012-12,1.275B,1.275B,1.002B,272.80M,166.50M,,3.20M,1.50M,-1.70M,,166.50M,106.30M,1.50M,3.20M,-1.70M,3.30M,-1.70M,107.90M,41.60M,66.30M,,,66.30M,66.30M,115.90M,,2012-12,0.21,,,,2012-12,0.1821,,,,2012-12,321.10M,,2012-12,AOR,Restated
2012-09,1.336B,1.336B,1.066B,269.80M,171.40M,,4.90M,1.70M,-3.20M,,171.40M,98.40M,1.70M,4.90M,-3.20M,4.00M,-3.20M,99.20M,-0.90M,100.10M,,,100.10M,100.10M,108.50M,,2012-09,0.31,0.00,,,2012-09,0.30,0.00,,,2012-09,319.60M,,2012-09,AOR,Restated
2012-06,1.15B,1.15B,917.90M,232.10M,157.90M,,6.20M,1.60M,-4.60M,,157.90M,74.20M,1.60M,6.20M,-4.60M,2.60M,-4.60M,72.20M,-715.60M,787.80M,,,787.80M,787.80M,83.00M,,2012-06,2.47,,,,2012-06,2.188,,,,2012-06,318.80M,,2012-06,AOR,Restated
2012-03,961.20M,961.20M,771.20M,190.00M,147.10M,0.00,6.30M,2.50M,-3.80M,,147.10M,42.90M,2.50M,6.30M,-3.80M,3.20M,-3.80M,42.30M,1.70M,40.60M,,,40.60M,40.60M,53.40M,,2012-03,0.13,,,,2012-03,0.1268,,,,2012-03,317.60M,,2012-03,AOR,Restated
2011-12,906.60M,906.60M,737.00M,169.60M,137.90M,0.10M,7.80M,3.00M,-4.80M,,137.90M,31.70M,3.00M,7.80M,-4.80M,2.30M,-4.80M,29.20M,1.50M,27.70M,,,27.70M,27.61M,42.00M,,2011-12,0.09,,,,2011-12,0.0875,,,,2011-12,316.30M,,2011-12,AOR,Restated
2011-09,1.098B,1.098B,914.10M,184.20M,144.10M,-6.90M,8.80M,1.50M,-7.30M,,144.10M,40.10M,1.50M,8.80M,-7.30M,1.10M,-7.30M,33.90M,-1.90M,35.80M,,,35.80M,40.28M,47.70M,,2011-09,0.11,0.00,,,2011-09,0.11,0.00,,,2011-09,316.20M,,2011-09,AOR,Restated
2011-06,999.20M,999.20M,824.10M,175.10M,133.00M,-5.30M,10.40M,2.50M,-7.90M,,133.00M,42.10M,2.50M,10.40M,-7.90M,-5.30M,-7.90M,28.90M,0.20M,28.70M,,,28.70M,33.96M,44.30M,,2011-06,0.09,0.00,,,2011-06,0.09,0.00,,,2011-06,318.70M,,2011-06,AOR,Restated
2011-03,751.10M,751.10M,628.30M,122.80M,159.40M,3.40M,14.80M,1.90M,-12.90M,,159.40M,-36.60M,1.90M,14.80M,-12.90M,3.40M,-12.90M,-30.80M,-58.60M,27.80M,,,27.80M,25.59M,-11.00M,,2011-03,0.09,0.00,,,2011-03,0.09,0.00,,,2011-03,319.20M,,2011-03,AOR,Restated
2010-12,788.20M,788.20M,656.80M,131.40M,137.90M,0.80M,16.50M,2.30M,-14.20M,,137.90M,-6.50M,2.30M,16.50M,-14.20M,0.80M,-14.20M,-19.90M,0.50M,-20.40M,,,-20.40M,-20.92M,1.50M,,2010-12,-0.06,0.00,,,2010-12,-0.06,0.00,,,2010-12,319.10M,,2010-12,AOR,Restated
2010-09,948.50M,948.50M,798.00M,150.50M,146.90M,3.00M,17.50M,2.50M,-15.00M,,140.20M,10.30M,2.50M,17.50M,-15.00M,3.00M,-15.00M,-1.70M,7.10M,-8.80M,,,-8.80M,-10.75M,20.60M,,2010-09,-0.03,0.00,,,2010-09,-0.03,0.00,,,2010-09,318.40M,,2010-09,AOR,Restated
2010-06,1.406B,1.406B,1.172B,234.60M,164.70M,2.00M,20.30M,3.00M,-17.30M,8.30M,173.00M,61.60M,3.00M,20.30M,-17.30M,2.00M,-17.30M,46.30M,-4.20M,50.50M,,,50.50M,49.20M,70.90M,,2010-06,0.16,0.00,,,2010-06,0.16,0.00,,,2010-06,318.20M,,2010-06,AOR,Restated
2010-03,913.50M,913.50M,737.60M,175.90M,146.40M,3.60M,22.90M,1.90M,-21.00M,,146.40M,29.50M,1.90M,22.90M,-21.00M,3.60M,-21.00M,12.10M,0.70M,11.40M,,,11.40M,8.008M,39.40M,,2010-03,0.04,0.00,,,2010-03,0.04,0.00,,,2010-03,318.10M,,2010-03,AOR,Restated
2009-12,1.132B,1.132B,920.60M,211.60M,147.10M,3.10M,27.40M,2.60M,-24.80M,,147.10M,64.50M,2.60M,27.40M,-24.80M,3.10M,-24.80M,42.80M,-149.20M,192.00M,,,192.00M,189.98M,75.10M,,2009-12,0.60,0.00,,,2009-12,0.56,0.00,,,2009-12,317.70M,,2009-12,AOR,Restated
2009-09,1.029B,1.029B,1.079B,-50.60M,154.40M,,30.10M,2.40M,-27.70M,,137.70M,-188.30M,2.40M,30.10M,-27.70M,,-27.70M,-229.10M,5.80M,-234.90M,,,-234.90M,-234.90M,-194.00M,,2009-09,-0.74,0.00,,,2009-09,-0.74,0.00,,,2009-09,317.20M,,2009-09,AOR,Restated
2009-06,932.90M,932.90M,922.50M,10.40M,152.40M,-1.70M,22.00M,2.30M,-19.70M,,152.40M,-142.00M,2.30M,22.00M,-19.70M,-1.70M,-19.70M,-163.40M,-19.60M,-143.80M,,,-143.80M,-142.30M,-135.40M,,2009-06,-0.45,0.00,,,2009-06,-0.45,0.00,,,2009-06,316.90M,,2009-06,AOR,Restated
2009-03,778.00M,778.00M,720.30M,57.70M,144.10M,4.40M,23.40M,2.40M,-21.00M,,144.10M,-86.40M,2.40M,23.40M,-21.00M,4.40M,-21.00M,-103.00M,5.60M,-108.60M,,,-108.60M,-111.46M,-75.10M,,2009-03,-0.34,0.00,,,2009-03,-0.34,0.00,,,2009-03,316.80M,,2009-03,AOR,Restated
2008-12,918.00M,918.00M,816.60M,101.40M,150.20M,-10.50M,26.30M,3.30M,-23.00M,,150.20M,-48.80M,3.30M,26.30M,-23.00M,-10.50M,-23.00M,-61.30M,1.30M,-62.60M,,,-62.60M,-55.78M,-24.80M,,2008-12,-0.20,0.00,,,2008-12,-0.20,0.00,,,2008-12,316.70M,,2008-12,,Restated
2008-09,1.782B,1.782B,2.657B,-874.30M,199.40M,-77.30M,17.10M,2.90M,-14.20M,,199.40M,-1.074B,2.90M,17.10M,-14.20M,-77.30M,-14.20M,-1.165B,-365.40M,-799.80M,,,-799.80M,-746.74M,-1.137B,,2008-09,-2.53,0.00,,,2008-09,-2.53,0.00,,,2008-09,316.30M,,2008-09,,Restated
2008-06,1.464B,1.464B,1.616B,-152.10M,217.80M,0.90M,12.30M,2.20M,-10.10M,,217.80M,-369.90M,2.20M,12.30M,-10.10M,0.90M,-10.10M,-379.10M,20.20M,-399.30M,,,-399.30M,-399.88M,-357.30M,,2008-06,-1.26,0.00,,,2008-06,-1.26,0.00,,,2008-06,316.00M,,2008-06,,Restated
2008-03,1.657B,1.657B,2.303B,-645.90M,231.10M,,12.00M,2.60M,-9.40M,-1.80M,229.30M,-875.20M,2.60M,12.00M,-9.40M,,-9.40M,-884.60M,421.00M,-1.306B,,,-1.306B,-1.306B,-856.50M,,2008-03,-4.14,0.00,,,2008-03,-4.14,0.00,,,2008-03,315.40M,,2008-03,,Restated
2007-12,1.743B,1.743B,1.706B,36.60M,243.60M,1.70M,,,,,243.60M,-207.00M,,,,1.70M,,-202.90M,-74.10M,-128.80M,,,-128.80M,-129.88M,-190.50M,,2007-12,-0.41,0.00,,,2007-12,-0.41,0.00,,,2007-12,314.15M,,2007-12,,
2007-09,3.172B,3.172B,2.906B,265.90M,317.10M,-50.20M,,,,,317.10M,-51.20M,,,,-50.20M,,-100.20M,-50.00M,-50.20M,,,-50.20M,-17.57M,-483.70M,,2007-09,-0.16,0.00,,,2007-09,-0.16,0.00,,,2007-09,314.74M,,2007-09,,Restated
2007-06,2.598B,2.598B,2.976B,-378.30M,303.50M,-433.80M,,,,,303.50M,-681.80M,,,,-433.80M,,-1.111B,-287.60M,-823.80M,,,-823.80M,-502.26M,-664.00M,,2007-06,-2.62,0.00,,,2007-06,-2.62,0.00,,,2007-06,314.43M,,2007-06,,
2007-03,2.658B,2.658B,2.245B,413.40M,334.40M,0.60M,,,,,334.40M,79.00M,,,,0.60M,,83.40M,31.70M,51.70M,,,51.70M,51.33M,97.10M,,2007-03,0.16,0.00,,,2007-03,0.16,0.00,,,2007-03,323.12M,,2007-03,,
2006-12,2.868B,2.868B,2.358B,510.50M,340.30M,1.10M,,,,,340.30M,170.20M,,,,1.10M,,176.90M,67.20M,109.70M,,,109.70M,109.02M,187.50M,,2006-12,0.35,0.00,,,2006-12,0.35,0.00,,,2006-12,313.43M,,2006-12,,
2006-09,4.883B,4.883B,3.972B,911.30M,464.30M,-60.70M,,,,,464.30M,447.00M,,,,-60.70M,,445.80M,168.10M,277.70M,,,277.70M,315.51M,464.40M,,2006-09,0.88,0.00,,,2006-09,0.88,0.00,,,2006-09,315.22M,,2006-09,,
2006-06,3.668B,3.668B,2.795B,872.40M,407.20M,15.70M,,,,,407.20M,465.20M,,,,15.70M,,472.20M,179.40M,292.80M,,,292.80M,283.06M,480.80M,,2006-06,0.94,0.00,,,2006-06,0.93,0.00,,,2006-06,311.49M,,2006-06,,
2006-03,3.598B,3.598B,2.615B,982.70M,414.30M,19.00M,,,,,414.30M,568.40M,,,,19.00M,,569.00M,216.20M,352.80M,,,352.80M,341.02M,583.30M,,2006-03,1.13,0.00,,,2006-03,1.11,0.00,,,2006-03,312.21M,,2006-03,,
2005-12,2.903B,2.903B,2.036B,866.70M,373.00M,19.10M,,,,,373.00M,493.70M,,,,19.10M,,500.10M,190.00M,310.10M,,,310.10M,298.26M,507.50M,,2005-12,0.99,0.00,,,2005-12,0.98,0.00,,,2005-12,312.90M,,2005-12,,
2005-09,5.097B,5.097B,3.755B,1.342B,442.40M,-22.10M,,,,,442.40M,899.30M,,,,-22.10M,,904.40M,340.60M,563.80M,,,563.80M,577.58M,914.10M,,2005-09,1.80,0.00,,,2005-09,1.77,0.00,,,2005-09,314.09M,,2005-09,,
2005-06,3.370B,3.370B,2.431B,939.50M,340.50M,9.50M,,,,,340.50M,599.00M,,,,9.50M,,604.40M,232.70M,371.70M,,,371.70M,365.86M,612.40M,,2005-06,1.19,0.00,,,2005-06,1.17,0.00,,,2005-06,312.35M,,2005-06,,
2005-03,2.877B,2.877B,2.107B,769.30M,300.90M,12.20M,,,,,300.90M,468.40M,,,,12.20M,,478.00M,184.00M,294.00M,,,294.00M,286.50M,482.30M,,2005-03,0.94,0.00,,,2005-03,0.92,0.00,,,2005-03,312.77M,,2005-03,,
2004-12,2.520B,2.520B,1.847B,673.00M,290.40M,11.60M,,,,,290.40M,382.60M,,,,11.60M,,391.80M,150.80M,241.00M,,,241.00M,233.86M,397.60M,,2004-12,0.5775,0.00,,,2004-12,0.5700,0.00,,,2004-12,415.06M,,2004-12,,
2004-09,3.511B,3.511B,2.635B,875.68M,316.67M,8.828M,,,,,316.67M,559.01M,,,,8.828M,,565.88M,216.25M,349.63M,,,349.63M,344.18M,575.16M,,2004-09,0.3375,0.00,,,2004-09,0.3375,0.00,,,2004-09,310.28M,,2004-09,,
2004-06,2.790B,2.790B,2.116B,674.52M,276.44M,12.14M,,,,,276.44M,398.09M,,,,12.14M,,408.61M,157.32M,251.30M,,,251.30M,243.83M,411.50M,,2004-06,0.8100,0.00,,,2004-06,0.7950,0.00,,,2004-06,310.73M,,2004-06,,
2004-03,2.335B,2.335B,1.776B,559.09M,248.89M,0.61M,,,,,248.89M,310.20M,,,,0.61M,,306.60M,118.04M,188.56M,,,188.56M,188.18M,324.40M,,2004-03,0.6075,0.00,,,2004-03,0.6000,0.00,,,2004-03,310.41M,,2004-03,,
2003-12,2.205B,2.205B,1.670B,534.21M,238.01M,7.125M,,,,,238.01M,296.20M,,,,7.125M,,301.81M,116.20M,185.61M,,,185.61M,181.23M,307.93M,,2003-12,0.4000,0.00,,,2003-12,0.3900,0.00,,,2003-12,464.56M,,2003-12,,
2003-09,2.862B,2.862B,2.214B,648.22M,271.33M,0.506M,,,,,271.33M,376.89M,,,,0.506M,,372.14M,141.41M,230.73M,,,230.73M,230.41M,386.86M,,2003-09,0.7454,,,,2003-09,0.7454,,,,2003-09,309.52M,,2003-09,,
2003-06,2.212B,2.212B,1.727B,485.56M,233.32M,2.104M,,,,,233.32M,252.24M,,,,2.104M,,250.91M,95.34M,155.56M,,,155.56M,154.26M,265.79M,,2003-06,0.3550,0.00,,,2003-06,0.3300,0.00,,,2003-06,437.98M,,2003-06,,
2003-03,1.909B,1.909B,1.496B,412.14M,209.52M,5.053M,,,,,209.52M,202.62M,,,,5.053M,,206.19M,78.35M,127.84M,,,127.84M,124.70M,214.22M,,2003-03,0.4350,0.00,,,2003-03,0.4300,0.00,,,2003-03,292.65M,,2003-03,,
2002-12,1.745B,1.745B,1.369B,376.39M,201.19M,6.133M,,,,,201.19M,175.21M,,,,6.133M,,178.92M,67.10M,111.83M,,,111.83M,107.99M,185.95M,,2002-12,0.3800,0.00,,,2002-12,0.3750,0.00,,,2002-12,293.04M,,2002-12,,
2002-09,2.170B,2.170B,1.721B,449.81M,221.35M,-7.427M,,,,,221.35M,228.46M,,,,-7.427M,,218.23M,81.84M,136.39M,,,136.39M,141.03M,244.49M,,2002-09,0.4750,0.00,,,2002-09,0.4650,0.00,,,2002-09,294.13M,,2002-09,,
2002-06,1.808B,1.808B,1.442B,366.49M,195.24M,0.872M,,,,,195.24M,171.25M,,,,0.872M,,169.50M,63.56M,105.94M,,,105.94M,105.39M,180.36M,,2002-06,0.3600,0.00,,,2002-06,0.3350,0.00,,,2002-06,294.27M,,2002-06,,
2002-03,1.600B,1.600B,1.295B,305.02M,164.41M,5.244M,,,,,164.41M,140.61M,,,,5.244M,,142.29M,53.36M,88.93M,,,88.93M,85.65M,148.52M,,2002-03,0.2300,0.00,,,2002-03,0.2133,0.00,,,2002-03,231.87M,,2002-03,,
2001-12,1.135B,1.135B,906.80M,228.16M,133.54M,25.39M,,,,,133.54M,94.62M,,,,25.39M,,117.48M,44.06M,73.43M,,,73.43M,57.56M,102.21M,,2001-12,0.3167,0.00,,,2001-12,0.3133,0.00,,,2001-12,231.87M,,2001-12,,
2001-09,1.540B,1.540B,1.228B,312.44M,151.81M,-17.91M,,,,,151.81M,160.63M,,,,-17.91M,,138.82M,52.06M,86.76M,0.00,,86.76M,97.96M,175.58M,,2001-09,0.3800,0.00,0.00,,2001-09,0.3733,0.00,-0.0000,,2001-09,229.12M,,2001-09,,
2001-06,1.121B,1.121B,882.81M,238.17M,121.62M,-2.80M,,,,,121.62M,116.55M,,,,-2.80M,,110.08M,41.28M,68.80M,,,68.80M,70.55M,124.52M,,2001-06,0.3033,0.00,,,2001-06,0.2967,0.00,,,2001-06,226.82M,,2001-06,,
2001-03,906.84M,906.84M,713.41M,193.43M,103.93M,-4.471M,,,,,103.93M,89.50M,,,,-4.471M,,82.53M,30.95M,51.58M,,,51.58M,54.38M,96.04M,,2001-03,0.2267,0.00,,,2001-03,0.2233,0.00,,,2001-03,227.56M,,2001-03,,
2000-12,887.66M,887.66M,696.74M,190.92M,102.04M,-1.898M,,,,,108.62M,82.30M,,,,-1.898M,,76.36M,28.64M,47.72M,2.136M,,49.86M,48.91M,88.89M,,2000-12,0.2132,0.0090,0.00,,2000-12,0.2102,0.0090,0.0094,,2000-12,224.37M,,2000-12,,
2000-09,1.087B,1.087B,869.47M,217.20M,108.65M,2.16M,,,,,115.41M,101.79M,,,,2.16M,,99.49M,37.81M,61.69M,,,61.69M,60.35M,108.55M,,2000-09,0.2741,0.00,,,2000-09,0.2708,0.00,,,2000-09,226.08M,,2000-09,,
2000-06,959.22M,959.22M,766.69M,192.52M,106.40M,2.447M,,,,,113.62M,78.90M,,,,2.447M,,77.53M,29.46M,48.07M,,,48.07M,46.55M,86.12M,,2000-06,0.2149,0.00,,,2000-06,0.2121,0.00,,,2000-06,224.39M,,2000-06,,
2000-03,798.86M,798.86M,638.91M,159.95M,90.16M,1.934M,,,,,95.56M,64.39M,,,,1.934M,,63.60M,24.17M,39.43M,,,39.43M,38.23M,70.57M,,2000-03,0.1460,0.00,,,2000-03,0.1433,0.00,,,2000-03,270.06M,,2000-03,,
1999-12,808.90M,808.90M,641.50M,167.40M,90.70M,1.80M,,,,,95.80M,71.60M,,,,1.80M,,68.60M,26.10M,42.50M,,,42.50M,41.38M,76.70M,,1999-12,0.1708,0.00,,,1999-12,0.1708,0.00,,,1999-12,248.80M,,1999-12,,
1999-09,953.51M,953.51M,766.90M,186.61M,95.80M,2.00M,,,,,102.10M,84.51M,,,,2.00M,,81.70M,32.30M,49.40M,,,49.40M,48.19M,90.81M,,1999-09,0.2168,,,,1999-09,0.2168,,,,1999-09,227.88M,,1999-09,,
1999-06,843.00M,843.00M,677.60M,165.40M,83.90M,1.60M,,,,,89.40M,76.00M,,,,1.60M,,73.30M,28.90M,44.40M,,,44.40M,43.43M,81.50M,,1999-06,0.0524,0.00,,,1999-06,0.0516,0.00,,,1999-06,227.88M,,1999-06,,
1999-03,699.10M,699.10M,565.10M,134.00M,71.90M,1.50M,,,,,77.10M,56.90M,,,,1.50M,,54.60M,21.20M,33.40M,,,33.40M,32.48M,62.10M,,1999-03,0.1460,0.00,,,1999-03,0.1433,0.00,,,1999-03,229.88M,,1999-03,,
1998-12,660.60M,660.60M,530.40M,130.20M,70.50M,1.90M,,,,,74.30M,55.90M,,,,1.90M,,54.30M,21.60M,32.70M,,,32.70M,31.56M,59.70M,,1998-12,0.0410,0.00,,,1998-12,0.0395,0.00,,,1998-12,223.17M,,1998-12,,
1998-09,686.94M,686.94M,552.70M,134.24M,69.40M,1.30M,,,,,72.20M,62.04M,,,,1.30M,,57.60M,25.10M,32.50M,,,32.50M,31.72M,64.84M,,1998-09,0.1604,,,,1998-09,0.1604,,,,1998-09,202.67M,,1998-09,,
1998-06,613.90M,613.90M,495.30M,118.60M,62.30M,-8.80M,,,,,66.10M,52.50M,,,,-8.80M,,38.90M,15.80M,23.10M,,,23.10M,28.38M,56.30M,,1998-06,0.0364,0.00,,,1998-06,0.0323,0.00,,,1998-06,193.64M,,1998-06,,
