,OperatingRevenue,Revenue,CostofGoodsSold,GrossProfit,SG&AExpense,ResearchandDevelopmentExpense,AmortizationExpense,SpecialIncomeandCharges,OperatingInterestExpense,OperatingInterestIncome,NetOperatingInterestIncome,OtherOperatingExpenses,TotalOperatingExpenses,OperatingIncome,Non-OperatingInterestIncome,Non-OperatingInterestExpense,NetNon-OperatingInterestIncomeExpense,OtherIncomeandExpenses,NetInterestIncome,Pre-TaxIncome,ProvisionforIncomeTaxes,IncomefromContinuingOperations,"ExtraordinaryItems,IncomeStatement",NetIncome,NormalizedIncome,EBIT,,BasicEPS(Quarterly),EPSBasicfromContinuingOperations,EPSBasicfromDiscontinuedOperations,EPSBasic,,DilutedEPS(Quarterly),EPSDilutedfromContinuingOperations,EPSDilutedfromDiscontinuedOperations,EPSDiluted,,SharesData(Quarterly),,SECFilingLinks,AsOriginallyReported,Restated
2020-09,1.141B,1.141B,281.00M,859.90M,307.20M,195.50M,,0.60M,,0.80M,0.80M,,502.70M,357.20M,0.80M,,0.80M,6.30M,0.80M,364.30M,39.10M,325.20M,,325.20M,319.93M,357.20M,,2020-09,0.52,,0.52,,2020-09,0.52,,0.52,,2020-09,,2020-09,AOR,
2020-06,925.00M,925.00M,238.20M,686.80M,274.90M,182.10M,,-399.50M,,,1.80M,,457.00M,229.80M,,,1.80M,-399.20M,1.80M,-168.20M,-46.30M,-121.90M,,-121.90M,168.61M,229.80M,,2020-06,-0.20,,-0.20,,2020-06,-0.20,,-0.20,,2020-06,,2020-06,AOR,
2020-03,1.129B,1.129B,265.10M,863.60M,307.80M,187.40M,,-10.30M,,,4.50M,,495.20M,368.40M,,,4.50M,-8.40M,4.50M,364.50M,53.90M,310.60M,,310.60M,317.76M,368.40M,,2020-03,0.4967,,0.4967,,2020-03,0.49,,0.49,,2020-03,,2020-03,AOR,
2019-12,1.174B,1.174B,286.20M,887.90M,347.20M,193.90M,,-38.00M,,25.00M,4.30M,,541.10M,346.80M,25.00M,,4.30M,-35.60M,4.30M,315.50M,35.30M,280.20M,,280.20M,313.42M,295.30M,,2019-12,0.4467,,0.4467,,2019-12,0.44,,0.44,,2019-12,,2019-12,AOR,
2019-09,1.094B,1.094B,292.40M,801.60M,306.20M,195.50M,,-3.60M,,2.80M,2.80M,,501.70M,299.90M,2.80M,,2.80M,-1.00M,2.80M,301.70M,27.00M,274.70M,,274.70M,275.61M,299.90M,,2019-09,0.44,,0.44,,2019-09,0.43,,0.43,,2019-09,,2019-09,AOR,Restated
2019-06,1.087B,1.087B,304.00M,782.90M,308.50M,191.90M,,-15.00M,,,2.40M,,500.40M,282.50M,,,2.40M,-13.60M,2.40M,271.30M,29.00M,242.30M,,242.30M,254.53M,282.50M,,2019-06,0.39,,0.39,,2019-06,0.38,,0.38,,2019-06,,2019-06,AOR,Restated
2019-03,993.00M,993.00M,231.80M,761.20M,280.30M,171.40M,,-35.30M,,,2.00M,,451.70M,309.50M,,,2.00M,-33.50M,2.00M,278.00M,28.30M,249.70M,,249.70M,279.69M,309.50M,,2019-03,0.40,,0.40,,2019-03,0.3933,,0.3933,,2019-03,,2019-03,AOR,Restated
2018-12,977.70M,977.70M,234.70M,743.00M,288.10M,163.10M,,-297.10M,,,1.80M,,451.20M,291.80M,,,1.80M,-295.40M,1.80M,-1.80M,-8.80M,7.00M,,7.00M,222.28M,10.40M,,2018-12,0.01,,0.01,,2018-12,0.01,,0.01,,2018-12,,2018-12,AOR,Restated
2018-09,906.60M,906.60M,224.90M,681.70M,269.50M,161.80M,,-1.50M,,,-0.50M,,431.30M,250.40M,,,-0.50M,-1.20M,-0.50M,248.70M,22.80M,225.90M,,225.90M,226.72M,250.40M,,2018-09,0.36,,0.36,,2018-09,0.3533,,0.3533,,2018-09,,2018-09,AOR,Restated
2018-06,943.70M,943.70M,246.20M,697.50M,274.90M,154.10M,,-16.40M,,,0.00,,429.00M,268.50M,,,0.00,-17.50M,0.00,251.00M,-31.70M,282.70M,,282.70M,294.67M,268.50M,,2018-06,0.45,,0.45,,2018-06,0.44,,0.44,,2018-06,,2018-06,AOR,Restated
2018-03,894.80M,894.80M,233.60M,661.20M,256.00M,143.20M,,-2.40M,,,0.80M,,399.20M,262.00M,,,0.80M,0.70M,0.80M,263.50M,56.90M,206.60M,,206.60M,205.89M,262.00M,,2018-03,0.3267,,0.3267,,2018-03,0.32,,0.32,,2018-03,,2018-03,AOR,Restated
2017-12,888.50M,888.50M,235.30M,653.20M,272.80M,146.60M,,83.80M,,,1.00M,0.00,419.40M,233.80M,,,1.00M,89.10M,1.00M,323.90M,326.70M,-2.80M,,-2.80M,-52.18M,276.00M,,2017-12,0.0567,,0.0567,,2017-12,0.0567,,0.0567,,2017-12,,2017-12,AOR,Restated
2017-09,821.50M,821.50M,213.30M,608.20M,244.60M,142.90M,,-7.20M,,,-0.10M,,387.50M,220.70M,,,-0.10M,-8.80M,-0.10M,211.80M,41.70M,170.10M,,170.10M,177.25M,220.70M,,2017-09,0.27,,0.27,,2017-09,0.2633,,0.2633,,2017-09,,2017-09,AOR,Restated
2017-06,841.80M,841.80M,211.10M,630.70M,243.80M,134.40M,,-42.00M,,,-1.40M,0.70M,378.90M,251.80M,,,-1.40M,-44.80M,-1.40M,205.60M,19.50M,186.10M,,186.10M,226.55M,251.80M,,2017-06,0.2933,,0.2933,,2017-06,0.2867,,0.2867,,2017-06,,2017-06,AOR,Restated
2017-03,883.50M,883.50M,215.60M,667.90M,229.60M,128.70M,,-11.30M,,,-2.40M,,358.30M,309.60M,,,-2.40M,-13.60M,-2.40M,293.60M,63.40M,230.20M,,230.20M,240.78M,309.60M,,2017-03,0.3633,,0.3633,,2017-03,0.3533,,0.3533,,2017-03,,2017-03,AOR,Restated
2016-12,767.70M,767.70M,213.20M,554.50M,233.60M,114.90M,,-4.80M,,,-1.50M,,348.50M,206.00M,,,-1.50M,-4.10M,-1.50M,200.40M,41.90M,158.50M,,158.50M,162.06M,178.20M,,2016-12,0.2467,,0.2467,,2016-12,0.2433,,0.2433,,2016-12,,2016-12,AOR,Restated
2016-09,739.40M,739.40M,201.40M,538.00M,229.60M,113.00M,,-6.60M,,,-2.10M,,342.60M,195.40M,,,-2.10M,-8.10M,-2.10M,185.20M,43.80M,141.40M,,141.40M,147.66M,195.40M,,2016-09,0.22,,0.22,,2016-09,0.2167,,0.2167,,2016-09,,2016-09,AOR,Restated
2016-06,759.30M,759.30M,202.50M,556.80M,228.80M,147.00M,,-9.50M,,,-2.40M,,375.80M,181.00M,,,-2.40M,-9.60M,-2.40M,169.00M,42.40M,126.60M,,126.60M,133.79M,181.00M,,2016-06,0.20,,0.20,,2016-06,0.1933,,0.1933,,2016-06,,2016-06,AOR,Restated
2016-03,697.30M,697.30M,180.30M,517.00M,212.70M,101.80M,,-17.80M,,,-2.40M,,314.50M,202.50M,,,-2.40M,-16.80M,-2.40M,183.30M,40.30M,143.00M,,143.00M,156.03M,202.50M,,2016-03,0.2233,,0.2233,,2016-03,0.22,,0.22,,2016-03,,2016-03,AOR,Restated
2015-12,671.10M,671.10M,175.90M,495.20M,222.30M,98.00M,,-3.50M,,,-2.60M,,320.30M,174.90M,,,-2.60M,-5.30M,-2.60M,167.00M,26.30M,140.70M,,140.70M,145.25M,171.60M,,2015-12,0.2167,,0.2167,,2015-12,0.2133,,0.2133,,2015-12,,2015-12,AOR,Restated
2015-09,615.50M,615.50M,146.70M,468.80M,212.00M,101.00M,,-2.40M,,,-2.50M,,313.00M,155.80M,,,-2.50M,-2.60M,-2.50M,150.70M,32.60M,118.10M,,118.10M,120.14M,155.80M,,2015-09,0.1833,,0.1833,,2015-09,0.18,,0.18,,2015-09,,2015-09,AOR,Restated
2015-06,616.80M,616.80M,158.60M,458.20M,213.90M,97.50M,,-1.00M,,,-1.80M,,311.40M,146.80M,,,-1.80M,-2.80M,-1.80M,142.20M,29.50M,112.70M,,112.70M,115.16M,146.80M,,2015-06,0.1733,,0.1733,,2015-06,0.17,,0.17,,2015-06,,2015-06,AOR,Restated
2015-03,590.30M,590.30M,136.00M,454.30M,202.50M,86.40M,,-0.30M,,,-2.40M,,288.90M,165.40M,,,-2.40M,-0.50M,-2.40M,162.50M,39.10M,123.40M,,123.40M,124.01M,165.40M,,2015-03,0.19,,0.19,,2015-03,0.1867,,0.1867,,2015-03,,2015-03,AOR,Restated
2014-12,618.00M,618.00M,160.40M,457.60M,223.10M,94.20M,,-4.60M,,,-1.70M,,317.30M,140.30M,,,-1.70M,-5.70M,-1.70M,132.90M,23.70M,109.20M,,109.20M,114.13M,818.90M,,2014-12,0.17,,0.17,,2014-12,0.1667,,0.1667,,2014-12,,2014-12,AOR,Restated
2014-09,607.40M,607.40M,168.10M,439.30M,222.20M,87.60M,,-4.90M,,,-2.50M,,309.80M,129.50M,,,-2.50M,-6.40M,-2.50M,120.60M,26.00M,94.60M,,94.60M,99.54M,129.50M,,2014-09,0.1483,,0.1483,,2014-09,0.145,,0.145,,2014-09,,2014-09,AOR,Restated
2014-06,575.10M,575.10M,151.20M,423.90M,215.50M,89.10M,,697.40M,,,-3.10M,,304.60M,119.30M,,,-3.10M,697.00M,-3.10M,813.20M,266.20M,547.00M,,547.00M,77.92M,119.30M,,2014-06,0.8633,,0.8633,,2014-06,0.8483,,0.8483,,2014-06,,2014-06,AOR,Restated
2014-03,522.40M,522.40M,145.90M,376.50M,197.20M,85.80M,,-9.30M,,,-3.50M,,283.00M,93.50M,,,-3.50M,-12.70M,-3.50M,77.30M,17.00M,60.30M,,60.30M,70.13M,93.50M,,2014-03,0.095,,0.095,,2014-03,0.0933,,0.0933,,2014-03,,2014-03,AOR,Restated
2013-12,536.00M,536.00M,143.80M,392.20M,186.60M,78.60M,,-23.40M,,,-4.00M,,265.20M,127.00M,,,-4.00M,-22.70M,-4.00M,100.30M,25.20M,75.10M,,75.10M,92.40M,175.50M,,2013-12,0.115,,0.115,,2013-12,0.1133,,0.1133,,2013-12,,2013-12,AOR,Restated
2013-09,495.60M,495.60M,128.20M,367.40M,177.80M,84.10M,,-4.00M,,,-1.00M,,261.90M,105.50M,,,-1.00M,-4.70M,-1.00M,99.80M,23.00M,76.80M,,76.80M,80.65M,105.50M,,2013-09,0.115,,0.115,,2013-09,0.1133,,0.1133,,2013-09,,2013-09,AOR,Restated
2013-06,517.20M,517.20M,123.60M,393.60M,186.60M,80.50M,,-5.50M,,,-0.40M,,267.10M,126.50M,,,-0.40M,-5.60M,-0.40M,120.50M,27.20M,93.30M,,93.30M,97.63M,126.50M,,2013-06,0.1383,,0.1383,,2013-06,0.135,,0.135,,2013-06,,2013-06,AOR,Restated
2013-03,496.70M,496.70M,121.00M,375.70M,182.40M,79.80M,,78.10M,,,0.20M,,262.20M,113.50M,,,0.20M,76.90M,0.20M,190.60M,46.70M,143.90M,,143.90M,85.76M,113.50M,,2013-03,0.21,,0.21,,2013-03,0.2067,,0.2067,,2013-03,,2013-03,AOR,Restated
2012-12,510.50M,510.50M,122.20M,388.30M,170.00M,74.90M,,-22.80M,,,0.00,,244.90M,143.40M,,,0.00,-24.10M,0.00,119.30M,29.90M,89.40M,,89.40M,107.16M,116.10M,,2012-12,0.1317,,0.1317,,2012-12,0.1283,,0.1283,,2012-12,,2012-12,AOR,Restated
2012-09,447.90M,447.90M,111.70M,336.20M,167.80M,73.80M,,-0.60M,,,0.30M,,241.60M,94.60M,,,0.30M,-1.50M,0.30M,93.40M,24.20M,69.20M,,69.20M,70.31M,94.60M,,2012-09,0.10,,0.10,,2012-09,0.0967,,0.0967,,2012-09,,2012-09,AOR,Restated
2012-06,482.00M,482.00M,129.80M,352.20M,182.40M,74.00M,,-7.00M,,,0.10M,,256.40M,95.80M,,,0.10M,-6.00M,0.10M,89.90M,22.10M,67.80M,,67.80M,73.00M,95.80M,,2012-06,0.0983,,0.0983,,2012-06,0.095,,0.095,,2012-06,,2012-06,AOR,Restated
2012-03,459.20M,459.20M,127.30M,331.90M,177.20M,68.60M,,0.00,,,0.00,,245.80M,86.10M,,,0.00,-0.50M,0.00,85.60M,20.50M,65.10M,,65.10M,65.25M,86.10M,,2012-03,0.095,,0.095,,2012-03,0.0917,,0.0917,,2012-03,,2012-03,AOR,Restated
2011-12,430.20M,430.20M,119.60M,310.60M,163.40M,60.70M,,-22.70M,0.90M,0.90M,0.00,,224.10M,86.50M,0.90M,0.90M,0.00,-17.90M,0.00,68.60M,5.50M,63.10M,,63.10M,83.98M,69.50M,,2011-12,0.0917,0.00,0.0917,,2011-12,0.0883,0.00,0.0883,,2011-12,,2011-12,AOR,Restated
2011-09,412.70M,412.70M,125.60M,287.10M,165.50M,61.70M,,-2.30M,1.00M,1.00M,0.00,,227.20M,59.90M,1.00M,1.00M,0.00,-2.30M,0.00,57.60M,6.00M,51.60M,,51.60M,53.66M,58.60M,,2011-09,0.075,0.00,0.075,,2011-09,0.0717,0.00,0.0717,,2011-09,,2011-09,AOR,Restated
2011-06,431.20M,431.20M,127.80M,303.40M,163.20M,64.90M,,-2.80M,0.70M,1.00M,0.30M,,228.10M,75.30M,1.00M,0.70M,0.30M,-2.80M,0.30M,72.80M,14.70M,58.10M,,58.10M,60.33M,73.50M,,2011-06,0.085,0.00,0.085,,2011-06,0.08,0.00,0.08,,2011-06,,2011-06,AOR,Restated
2011-03,404.50M,404.50M,116.80M,287.70M,150.30M,59.00M,,6.20M,0.50M,0.50M,0.00,,209.30M,78.40M,0.50M,0.50M,0.00,6.20M,0.00,84.60M,20.70M,63.90M,,63.90M,59.22M,85.10M,,2011-03,0.0933,0.00,0.0933,,2011-03,0.0883,0.00,0.0883,,2011-03,,2011-03,AOR,Restated
2010-12,392.40M,392.40M,113.50M,278.90M,142.40M,55.90M,,-18.20M,0.50M,0.10M,-0.40M,,198.30M,80.60M,0.10M,0.50M,-0.40M,-10.10M,-0.40M,70.10M,5.30M,64.80M,,64.80M,81.62M,70.60M,,2010-12,0.095,,0.095,,2010-12,0.09,,0.09,,2010-12,,2010-12,AOR,Restated
2010-09,348.90M,348.90M,95.80M,253.10M,133.00M,52.70M,,-0.80M,0.70M,0.30M,-0.40M,,185.70M,67.40M,0.30M,0.70M,-0.40M,-0.80M,-0.40M,66.20M,18.20M,48.00M,,48.00M,48.58M,66.90M,,2010-09,0.07,0.00,0.07,,2010-09,0.0667,0.00,0.0667,,2010-09,,2010-09,AOR,Restated
2010-06,365.20M,365.20M,100.40M,264.80M,140.60M,50.60M,,-6.70M,0.70M,0.20M,-0.50M,,191.20M,73.60M,0.20M,0.70M,-0.50M,-6.70M,-0.50M,66.40M,8.90M,57.50M,,57.50M,63.30M,67.10M,,2010-06,0.085,0.00,0.085,,2010-06,0.08,0.00,0.08,,2010-06,,2010-06,AOR,Restated
2010-03,340.50M,340.50M,98.60M,241.90M,134.00M,45.20M,,3.00M,0.30M,0.50M,0.20M,,179.20M,62.70M,0.50M,0.30M,0.20M,3.00M,0.20M,65.50M,17.80M,47.70M,,47.70M,45.52M,65.80M,,2010-03,0.07,0.00,0.07,,2010-03,0.0667,0.00,0.0667,,2010-03,,2010-03,AOR,Restated
2009-12,346.70M,346.70M,101.70M,245.00M,132.30M,48.30M,,-1.80M,0.50M,0.30M,-0.20M,,180.60M,64.40M,0.30M,0.50M,-0.20M,-1.80M,-0.20M,62.40M,14.80M,47.60M,,47.60M,48.97M,62.90M,,2009-12,0.07,0.00,0.07,,2009-12,0.0667,0.00,0.0667,,2009-12,,2009-12,AOR,Restated
2009-09,325.70M,325.70M,98.50M,227.20M,126.10M,44.70M,,38.40M,0.90M,0.30M,-0.60M,,170.80M,56.40M,0.30M,0.90M,-0.60M,38.40M,-0.60M,94.20M,20.70M,73.50M,,73.50M,43.54M,95.10M,,2009-09,0.1083,0.00,0.1083,,2009-09,0.105,0.00,0.105,,2009-09,,2009-09,AOR,Restated
2009-06,335.50M,335.50M,101.90M,233.60M,128.50M,42.60M,,0.50M,0.50M,0.30M,-0.20M,,171.10M,62.50M,0.30M,0.50M,-0.20M,0.50M,-0.20M,62.80M,15.30M,47.50M,,47.50M,47.12M,63.30M,,2009-06,0.07,0.00,0.07,,2009-06,0.0683,0.00,0.0683,,2009-06,,2009-06,AOR,Restated
2009-03,313.50M,313.50M,97.00M,216.50M,121.90M,39.90M,,30.40M,0.80M,0.70M,-0.10M,,161.80M,54.70M,0.70M,0.80M,-0.10M,30.40M,-0.10M,85.00M,24.50M,60.50M,,60.50M,38.86M,85.80M,,2009-03,0.09,0.00,0.09,,2009-03,0.0858,0.00,0.0858,,2009-03,,2009-03,AOR,Restated
2008-12,309.70M,309.70M,98.80M,210.90M,120.20M,35.80M,,-20.20M,,,,,156.00M,54.90M,,,,-20.20M,,34.00M,-4.10M,38.10M,,38.10M,51.23M,28.20M,,2008-12,0.0567,0.00,0.0567,,2008-12,0.0542,0.00,0.0542,,2008-12,,2008-12,AOR,Restated
2008-09,303.60M,303.60M,104.90M,198.70M,119.30M,35.10M,,-1.10M,,,,,154.40M,44.30M,,,,-1.10M,,43.60M,10.70M,32.90M,,32.90M,33.73M,44.30M,,2008-09,0.0492,0.00,0.0492,,2008-09,0.0467,0.00,0.0467,,2008-09,,2008-09,,
2008-06,327.60M,327.60M,113.00M,214.60M,126.50M,35.40M,,1.80M,1.90M,1.50M,-0.40M,,161.90M,52.70M,1.50M,1.90M,-0.40M,1.80M,-0.40M,52.10M,12.40M,39.70M,,39.70M,38.33M,54.00M,,2008-06,0.06,0.00,0.06,,2008-06,0.0558,0.00,0.0558,,2008-06,,2008-06,,Restated
2008-03,296.80M,296.80M,102.90M,193.90M,114.60M,32.90M,,-11.30M,2.10M,1.70M,-0.40M,,147.50M,46.40M,1.70M,2.10M,-0.40M,-11.30M,-0.40M,34.70M,16.50M,18.20M,,18.20M,25.54M,36.80M,,2008-03,0.0267,0.00,0.0267,,2008-03,0.0258,0.00,0.0258,,2008-03,,2008-03,,Restated
2007-12,293.00M,293.00M,99.60M,193.40M,114.50M,33.50M,,-25.40M,,,,,148.00M,45.40M,,,,-25.40M,,19.60M,3.80M,15.80M,,15.80M,36.28M,45.40M,,2007-12,0.0233,0.00,0.0233,,2007-12,0.0233,0.00,0.0233,,2007-12,,2007-12,,
2007-09,261.40M,261.40M,90.70M,170.70M,103.20M,30.90M,,2.60M,,,,,134.10M,36.60M,,,,2.60M,,38.80M,9.70M,29.10M,,29.10M,27.15M,36.60M,,2007-09,0.0425,0.00,0.0425,,2007-09,0.04,0.00,0.04,,2007-09,,2007-09,,
2007-06,272.60M,272.60M,94.70M,177.90M,101.70M,29.10M,,0.10M,,,,,130.80M,47.10M,,,,0.10M,,46.80M,11.90M,34.90M,,34.90M,34.83M,47.10M,,2007-06,0.0508,0.00,0.0508,,2007-06,0.0475,0.00,0.0475,,2007-06,,2007-06,,
2007-03,264.10M,264.10M,93.20M,170.90M,98.60M,28.80M,,1.30M,,,,-1.10M,126.30M,44.60M,,,,1.30M,,44.60M,11.40M,33.20M,,33.20M,32.23M,44.60M,,2007-03,0.0475,0.00,0.0475,,2007-03,0.045,0.00,0.045,,2007-03,,2007-03,,
2006-12,265.60M,265.60M,97.40M,168.20M,95.10M,30.00M,,-19.00M,,,,,125.10M,43.10M,,,,-19.00M,,23.70M,3.00M,20.70M,,20.70M,37.29M,43.10M,,2006-12,0.03,0.00,0.03,,2006-12,0.0283,0.00,0.0283,,2006-12,,2006-12,,
2006-09,247.40M,247.40M,87.40M,160.00M,91.70M,28.10M,,-2.70M,,,,,119.80M,40.20M,,,,-2.70M,,36.70M,8.90M,27.80M,,27.80M,29.85M,40.20M,,2006-09,0.04,0.00,0.04,,2006-09,0.0375,0.00,0.0375,,2006-09,,2006-09,,
2006-06,267.30M,267.30M,95.70M,171.60M,97.00M,28.90M,,0.40M,,,,,125.90M,45.70M,,,,0.40M,,45.50M,9.40M,36.10M,,36.10M,35.78M,45.70M,,2006-06,0.0508,0.00,0.0508,,2006-06,0.0483,0.00,0.0483,,2006-06,,2006-06,,
2006-03,257.00M,257.00M,93.00M,164.00M,92.00M,27.00M,,23.00M,,,,-21.00M,98.00M,66.00M,,,,23.00M,,66.00M,21.00M,46.00M,,46.00M,30.32M,66.00M,,2006-03,0.0642,0.00,0.0642,,2006-03,0.0608,0.00,0.0608,,2006-03,,2006-03,,
2005-12,249.70M,249.70M,89.60M,160.10M,87.40M,25.80M,,-2.30M,,,,,113.20M,46.90M,,,,-2.30M,,43.50M,4.90M,38.30M,,38.30M,40.34M,46.90M,,2005-12,0.0542,0.00,0.0542,,2005-12,0.0517,0.00,0.0517,,2005-12,,2005-12,,
2005-09,240.90M,240.90M,90.90M,150.00M,85.90M,24.00M,,-22.60M,,,,,109.90M,40.10M,,,,-22.60M,,15.30M,19.70M,-4.40M,,-4.40M,9.16M,40.10M,,2005-09,-0.0058,0.00,-0.0058,,2005-09,-0.0058,0.00,-0.0058,,2005-09,,2005-09,,
2005-06,258.20M,258.20M,97.90M,160.30M,90.10M,24.20M,,-27.40M,,,,,114.30M,46.00M,,,,-27.40M,,15.30M,1.40M,13.90M,,13.90M,38.79M,46.00M,,2005-06,0.0192,0.00,0.0192,,2005-06,0.0183,0.00,0.0183,,2005-06,,2005-06,,
2005-03,249.10M,249.10M,96.20M,152.90M,85.60M,25.00M,,3.10M,,,,-0.30M,110.30M,42.60M,,,,3.10M,,42.60M,11.40M,31.20M,,31.20M,28.93M,42.60M,,2005-03,0.0433,0.00,0.0433,,2005-03,0.0417,0.00,0.0417,,2005-03,,2005-03,,
2004-12,237.10M,237.10M,91.20M,145.90M,82.70M,23.40M,,-2.20M,,,,,106.10M,39.80M,,,,-2.20M,,34.10M,8.20M,25.90M,,25.90M,27.57M,39.80M,,2004-12,0.0367,0.00,0.0367,,2004-12,0.0367,0.00,0.0367,,2004-12,,2004-12,,
2004-09,224.80M,224.80M,87.90M,136.90M,79.70M,21.90M,,-12.40M,,,,,101.60M,35.30M,,,,-12.40M,,19.50M,7.10M,12.40M,,12.40M,20.29M,35.30M,,2004-09,0.0175,0.00,0.0175,,2004-09,0.0167,0.00,0.0167,,2004-09,,2004-09,,
2004-06,234.60M,234.60M,92.40M,142.20M,81.00M,20.70M,,-2.80M,,,,,101.70M,40.50M,,,,-2.80M,,34.10M,8.60M,25.50M,,25.50M,27.59M,40.50M,,2004-06,0.0358,0.00,0.0358,,2004-06,0.0342,0.00,0.0342,,2004-06,,2004-06,,
2004-03,235.00M,235.00M,98.70M,136.30M,76.50M,21.00M,,-92.70M,,,,15.40M,112.90M,23.40M,,,,-92.70M,,-57.60M,4.50M,-62.10M,,-62.10M,-6.48M,23.40M,,2004-03,-0.0867,0.00,-0.0867,,2004-03,-0.0867,0.00,-0.0867,,2004-03,,2004-03,,
2003-12,224.10M,224.10M,93.80M,130.30M,72.20M,19.00M,,-8.60M,,,,,91.20M,39.10M,,,,-8.60M,,27.00M,8.10M,18.90M,,18.90M,24.92M,39.10M,,2003-12,0.0267,0.00,0.0267,,2003-12,0.0258,0.00,0.0258,,2003-12,,2003-12,,
2003-09,206.10M,206.10M,86.90M,119.20M,70.50M,16.80M,,-13.70M,,,,,87.30M,31.90M,,,,-13.70M,,14.70M,-9.80M,24.50M,,24.50M,32.72M,31.90M,,2003-09,0.0342,0.00,0.0342,,2003-09,0.0333,0.00,0.0333,,2003-09,,2003-09,,
2003-06,217.80M,217.80M,89.60M,128.20M,75.80M,18.00M,,-1.90M,,,,3.30M,97.10M,31.10M,,,,-1.90M,,29.00M,7.90M,21.10M,,21.10M,22.48M,31.10M,,2003-06,0.03,0.00,0.03,,2003-06,0.0283,0.00,0.0283,,2003-06,,2003-06,,
2003-03,212.50M,212.50M,89.10M,123.40M,71.40M,19.00M,,-8.20M,,,,,90.40M,33.00M,,,,-8.20M,,22.10M,7.60M,14.50M,,14.50M,19.88M,33.00M,,2003-03,0.0208,0.00,0.0208,,2003-03,0.02,0.00,0.02,,2003-03,,2003-03,,
2002-12,203.10M,203.10M,85.70M,117.40M,68.70M,17.70M,,1.30M,,,,0.00,86.40M,31.00M,,,,1.30M,,29.30M,7.60M,21.70M,,21.70M,20.74M,31.00M,,2002-12,0.03,0.00,0.03,,2002-12,0.03,0.00,0.03,,2002-12,,2002-12,,
2002-09,165.80M,165.80M,69.90M,95.90M,54.20M,15.50M,,-68.70M,,,,67.10M,136.80M,-40.90M,,,,-68.70M,,-45.20M,-27.80M,-17.40M,,-17.40M,23.82M,-40.90M,,2002-09,-0.025,0.00,-0.025,,2002-09,-0.025,0.00,-0.025,,2002-09,,2002-09,,
2002-06,172.80M,172.80M,74.40M,98.40M,54.30M,16.60M,,19.30M,,,,-3.60M,67.30M,31.10M,,,,19.30M,,43.80M,13.20M,30.60M,,30.60M,17.12M,31.10M,,2002-06,0.0433,0.00,0.0433,,2002-06,0.0417,0.00,0.0417,,2002-06,,2002-06,,
2002-03,162.30M,162.30M,69.10M,93.20M,50.70M,15.40M,,3.80M,,,,-3.80M,62.30M,30.90M,,,,3.80M,,28.10M,7.30M,20.80M,,20.80M,17.99M,30.90M,,2002-03,0.0292,0.00,0.0292,,2002-03,0.0283,0.00,0.0283,,2002-03,,2002-03,,
2001-12,160.00M,160.00M,68.20M,91.80M,50.10M,14.40M,4.00M,3.00M,,,,-3.80M,64.70M,27.10M,,,,3.00M,,22.80M,5.80M,17.10M,0.00,17.10M,14.86M,27.10M,,2001-12,0.0242,0.0008,0.025,,2001-12,0.0242,0.0008,0.025,,2001-12,,2001-12,,
2001-09,147.80M,147.80M,64.40M,83.40M,46.40M,14.00M,3.60M,3.70M,,,,-3.90M,60.10M,23.30M,,,,3.70M,,19.90M,5.40M,14.50M,,14.50M,11.80M,23.30M,,2001-09,0.0208,0.00,0.0208,,2001-09,0.02,0.00,0.02,,2001-09,,2001-09,,
2001-06,192.40M,192.40M,95.20M,97.20M,52.70M,13.50M,5.70M,-86.10M,,,,78.60M,150.50M,-53.30M,,,,-86.10M,,-71.70M,-16.00M,-55.70M,,-55.70M,11.19M,-53.30M,,2001-06,-0.0792,0.00,-0.0792,,2001-06,-0.0792,0.00,-0.0792,,2001-06,,2001-06,,
2001-03,191.90M,191.90M,96.20M,95.70M,53.80M,13.10M,5.70M,2.40M,,,,-3.90M,68.70M,27.00M,,,,2.40M,,20.00M,5.80M,14.20M,-1.50M,12.70M,12.50M,27.00M,,2001-03,0.02,-0.0017,0.0183,,2001-03,0.02,-0.0025,0.0175,,2001-03,,2001-03,,
2000-12,216.50M,216.50M,142.60M,73.90M,57.60M,14.70M,,0.50M,,,,,27.90M,46.00M,,,,0.50M,,33.70M,8.90M,24.80M,,24.80M,24.43M,46.00M,,2000-12,0.0354,,0.0354,,2000-12,0.0354,,0.0354,,2000-12,,2000-12,,
2000-09,185.80M,185.80M,86.60M,99.20M,46.60M,12.90M,,-9.60M,,,,,74.90M,24.30M,,,,-9.60M,,7.20M,2.80M,4.40M,,4.40M,10.27M,24.30M,,2000-09,0.0067,0.00,0.0067,,2000-09,0.0058,0.00,0.0058,,2000-09,,2000-09,,
2000-06,205.00M,205.00M,101.00M,104.00M,59.00M,14.00M,,-313.00M,,,,,96.00M,8.00M,,,,-313.00M,,-311.00M,-2.00M,-309.00M,,-309.00M,1.987M,8.00M,,2000-06,-0.4425,0.00,-0.4425,,2000-06,-0.4425,0.00,-0.4425,,2000-06,,2000-06,,
2000-03,226.00M,226.00M,106.00M,120.00M,60.00M,14.00M,,-2.00M,,,,,95.00M,25.00M,,,,-2.00M,,23.00M,6.00M,17.00M,,17.00M,18.48M,25.00M,,2000-03,0.0242,0.00,0.0242,,2000-03,0.0242,0.00,0.0242,,2000-03,,2000-03,,
