,OperatingRevenue,Revenue,CostofGoodsSold,GrossProfit,SG&AExpense,ResearchandDevelopmentExpense,InvestmentWriteOff,SpecialIncomeandCharges,OperatingInterestExpense,OperatingInterestIncome,NetOperatingInterestIncome,TotalOperatingExpenses,OperatingIncome,Non-OperatingInterestIncome,Non-OperatingInterestExpense,NetNon-OperatingInterestIncomeExpense,OtherIncomeandExpenses,NetInterestIncome,Pre-TaxIncome,ProvisionforIncomeTaxes,IncomefromContinuingOperations,IncomefromDiscontinuedOperations,"ExtraordinaryItems,IncomeStatement",NetIncome,NormalizedIncome,EBIT,,BasicEPS(Quarterly),EPSBasicfromContinuingOperations,EPSBasicfromDiscontinuedOperations,EPSBasic,,DilutedEPS(Quarterly),EPSDilutedfromContinuingOperations,EPSDilutedfromDiscontinuedOperations,EPSDiluted,,SharesData(Quarterly),DividendPerShare,,SECFilingLinks,AsOriginallyReported,Restated
2020-09,3.471B,3.471B,2.034B,1.436B,681.00M,,2.80M,-2.60M,15.10M,13.80M,-1.30M,681.00M,755.40M,13.80M,15.10M,-1.30M,11.10M,-1.30M,765.20M,163.10M,602.10M,,,602.10M,603.91M,780.30M,,2020-09,1.40,,1.40,,2020-09,1.40,,1.40,,2020-09,0.91,,2020-09,AOR,
2020-06,3.377B,3.377B,2.067B,1.310B,765.60M,,,,15.60M,,-85.70M,765.60M,544.10M,,15.60M,-85.70M,72.90M,-85.70M,531.30M,119.70M,411.60M,,,411.60M,411.60M,546.90M,,2020-06,0.96,,0.96,,2020-06,0.96,,0.96,,2020-06,0.91,,2020-06,AOR,
2020-03,4.048B,4.048B,2.239B,1.809B,756.60M,,,,20.00M,12.10M,-7.90M,756.60M,1.052B,12.10M,20.00M,-7.90M,32.50M,-7.90M,1.077B,255.80M,820.90M,,,820.90M,819.00M,1.097B,,2020-03,1.91,,1.91,,2020-03,1.90,,1.90,,2020-03,0.91,,2020-03,AOR,
2019-12,3.670B,3.670B,2.094B,1.575B,754.30M,,,0.00,31.60M,25.70M,-5.90M,754.30M,821.10M,25.70M,31.60M,-5.90M,20.30M,-5.90M,835.50M,183.90M,651.60M,,,651.60M,645.91M,867.10M,,2019-12,1.51,,1.51,,2019-12,1.50,,1.50,,2019-12,0.91,,2019-12,AOR,
2019-09,3.496B,3.496B,2.045B,1.451B,726.50M,,0.00,1.90M,39.90M,32.30M,-7.60M,726.50M,724.40M,32.30M,39.90M,-7.60M,22.30M,-7.60M,739.10M,156.70M,582.40M,,,582.40M,579.09M,779.00M,,2019-09,1.35,,1.35,,2019-09,1.34,,1.34,,2019-09,0.79,,2019-09,AOR,Restated
2019-06,3.479B,3.479B,2.001B,1.478B,854.80M,,,,33.70M,,-105.30M,854.80M,623.40M,,33.70M,-105.30M,115.20M,-105.30M,633.30M,157.90M,475.40M,,,475.40M,475.40M,667.00M,,2019-06,1.10,,1.10,,2019-06,1.09,,1.09,,2019-06,0.79,,2019-06,AOR,Restated
2019-03,3.828B,3.828B,2.093B,1.736B,750.40M,,,,21.70M,15.00M,-6.70M,750.40M,985.20M,15.00M,21.70M,-6.70M,6.00M,-6.70M,984.50M,230.80M,753.70M,,,753.70M,753.62M,1.006B,,2019-03,1.74,,1.74,,2019-03,1.73,,1.73,,2019-03,0.79,,2019-03,AOR,Restated
2018-12,3.492B,3.492B,2.000B,1.492B,745.20M,,,4.10M,38.60M,28.10M,-10.50M,745.20M,747.00M,28.10M,38.60M,-10.50M,4.50M,-10.50M,741.00M,182.80M,558.20M,,,558.20M,555.49M,779.60M,,2018-12,1.28,,1.28,,2018-12,1.27,,1.27,,2018-12,0.79,,2018-12,AOR,Restated
2018-09,3.310B,3.310B,1.928B,1.383B,713.90M,,,-12.10M,35.90M,28.50M,-7.40M,713.90M,668.80M,28.50M,35.90M,-7.40M,-14.60M,-7.40M,646.80M,141.40M,505.40M,,,505.40M,515.55M,682.70M,,2018-09,1.16,,1.16,,2018-09,1.15,,1.15,,2018-09,0.69,,2018-09,AOR,Restated
2018-06,3.263B,3.263B,1.889B,1.374B,810.40M,,,,28.60M,,-88.00M,810.40M,563.50M,,28.60M,-88.00M,-220.60M,-88.00M,254.90M,114.00M,140.90M,,,140.90M,140.90M,283.50M,,2018-06,0.25,,0.25,,2018-06,0.25,,0.25,,2018-06,0.69,,2018-06,AOR,Restated
2018-03,3.696B,3.696B,2.079B,1.617B,750.10M,,,0.00,18.60M,11.00M,-7.60M,750.10M,866.60M,11.00M,18.60M,-7.60M,16.20M,-7.60M,875.20M,214.20M,661.00M,,,661.00M,661.23M,893.80M,,2018-03,1.50,,1.50,,2018-03,1.49,,1.49,,2018-03,0.63,,2018-03,AOR,Restated
2017-12,3.238B,3.238B,1.938B,1.300B,723.60M,,,0.00,27.50M,22.70M,-4.80M,723.60M,576.80M,22.70M,27.50M,-4.80M,15.50M,-4.80M,587.50M,-82.90M,670.40M,,,670.40M,671.00M,615.00M,,2017-12,1.52,,1.52,,2017-12,1.51,,1.51,,2017-12,0.63,,2017-12,AOR,Restated
2017-09,3.077B,3.077B,1.852B,1.226B,675.40M,,,0.40M,28.00M,25.80M,-2.20M,675.40M,550.30M,25.80M,28.00M,-2.20M,16.80M,-2.20M,564.90M,152.30M,412.60M,,,412.60M,412.31M,592.90M,,2017-09,0.93,,0.93,,2017-09,0.93,,0.93,,2017-09,0.57,,2017-09,AOR,Restated
2017-06,3.057B,3.057B,1.822B,1.235B,820.20M,,,,22.80M,,-77.30M,820.20M,414.80M,,22.80M,-77.30M,136.70M,-77.30M,474.20M,154.00M,320.20M,,,320.20M,320.20M,497.00M,,2017-06,0.60,0.00,0.60,,2017-06,0.59,0.00,0.59,,2017-06,0.57,,2017-06,AOR,Restated
2017-03,3.411B,3.411B,1.911B,1.500B,665.00M,,,0.00,16.80M,10.10M,-6.70M,665.00M,834.80M,10.10M,16.80M,-6.70M,-0.20M,-6.70M,827.90M,240.00M,587.90M,,,587.90M,588.04M,844.70M,,2017-03,1.32,,1.32,,2017-03,1.31,,1.31,,2017-03,0.57,,2017-03,AOR,Restated
2016-12,2.987B,2.987B,1.768B,1.220B,640.80M,,,205.40M,20.50M,21.30M,0.80M,640.80M,578.70M,21.30M,20.50M,0.80M,206.70M,0.80M,786.20M,275.30M,510.90M,,,510.90M,376.54M,806.70M,,2016-12,1.14,,1.14,,2016-12,1.13,,1.13,,2016-12,0.57,,2016-12,AOR,Restated
2016-09,2.917B,2.917B,1.744B,1.173B,647.70M,,,0.00,19.90M,22.90M,3.00M,647.70M,525.60M,22.90M,19.90M,3.00M,0.10M,3.00M,528.70M,160.00M,368.70M,,,368.70M,368.63M,548.60M,,2016-09,0.82,,0.82,,2016-09,0.81,,0.81,,2016-09,0.53,,2016-09,AOR,Restated
2016-06,2.898B,2.898B,1.699B,1.200B,770.30M,,,0.00,18.10M,16.80M,-1.30M,770.30M,429.40M,16.80M,18.10M,-1.30M,-1.10M,-1.30M,427.00M,145.00M,282.00M,0.00,,282.00M,282.73M,445.10M,,2016-06,0.62,0.00,0.62,,2016-06,0.62,0.00,0.62,,2016-06,0.53,,2016-06,AOR,Restated
2016-03,3.249B,3.249B,1.813B,1.436B,634.40M,,,0.00,16.30M,9.70M,-6.60M,634.40M,801.50M,9.70M,16.30M,-6.60M,-0.10M,-6.60M,794.80M,262.30M,532.50M,0.00,,532.50M,532.57M,811.10M,,2016-03,1.17,0.00,1.17,,2016-03,1.17,0.00,1.17,,2016-03,0.53,,2016-03,AOR,Restated
2015-12,2.807B,2.807B,1.682B,1.124B,627.20M,,,13.90M,16.80M,17.30M,0.50M,627.20M,497.30M,17.30M,16.80M,0.50M,10.10M,0.50M,507.90M,166.50M,341.40M,0.00,,341.40M,334.61M,524.70M,,2015-12,0.75,0.00,0.75,,2015-12,0.74,0.00,0.74,,2015-12,0.53,,2015-12,AOR,Restated
2015-09,2.714B,2.714B,1.646B,1.068B,605.30M,,,29.10M,4.90M,18.60M,13.70M,605.30M,462.20M,18.60M,4.90M,13.70M,29.10M,13.70M,505.00M,167.50M,337.50M,-0.90M,,336.60M,318.06M,509.90M,,2015-09,0.73,0.00,0.73,,2015-09,0.72,0.00,0.72,,2015-09,0.49,,2015-09,AOR,Restated
2015-06,2.694B,2.694B,1.602B,1.093B,725.20M,,,0.00,1.60M,13.00M,11.40M,725.20M,367.60M,13.00M,1.60M,11.40M,2.60M,11.40M,381.60M,124.60M,257.00M,79.20M,,336.20M,255.25M,383.20M,,2015-06,0.55,0.17,0.72,,2015-06,0.55,0.17,0.72,,2015-06,0.49,,2015-06,AOR,Restated
2015-03,3.024B,3.024B,1.684B,1.34B,607.20M,,,0.00,0.80M,7.20M,6.40M,607.20M,732.80M,7.20M,0.80M,6.40M,0.70M,6.40M,739.90M,249.60M,490.30M,-0.70M,,489.60M,489.84M,740.70M,,2015-03,1.04,0.00,1.04,,2015-03,1.03,0.00,1.03,,2015-03,0.49,,2015-03,AOR,Restated
2014-12,2.654B,2.654B,1.583B,1.070B,588.50M,,,0.00,2.20M,18.30M,16.10M,588.50M,481.80M,18.30M,2.20M,16.10M,0.90M,16.10M,498.80M,166.30M,332.50M,-1.00M,,331.50M,331.90M,501.00M,,2014-12,0.70,0.00,0.70,,2014-12,0.69,0.00,0.69,,2014-12,0.49,,2014-12,AOR,Restated
2014-09,2.566B,2.566B,1.558B,1.008B,576.00M,,,1.40M,1.90M,18.30M,16.40M,576.00M,431.80M,18.30M,1.90M,16.40M,2.20M,16.40M,450.40M,153.80M,296.60M,-1.40M,,295.20M,295.15M,452.30M,,2014-09,0.62,0.00,0.62,,2014-09,0.62,0.00,0.61,,2014-09,0.48,,2014-09,AOR,Restated
2014-06,2.546B,2.546B,1.536B,1.010B,668.40M,,,0.00,1.40M,13.00M,11.60M,668.40M,341.30M,13.00M,1.40M,11.60M,0.00,11.60M,352.90M,122.50M,230.40M,58.40M,,288.80M,230.40M,354.30M,,2014-06,0.60,0.00,0.60,,2014-06,0.60,0.00,0.60,,2014-06,0.48,,2014-06,AOR,Restated
2014-03,2.825B,2.825B,1.586B,1.239B,585.30M,,,0.00,0.90M,6.10M,5.20M,585.30M,654.10M,6.10M,0.90M,5.20M,1.50M,5.20M,660.80M,227.60M,433.20M,88.40M,,521.60M,432.22M,661.70M,,2014-03,0.90,0.18,1.09,,2014-03,0.90,0.18,1.08,,2014-03,0.48,,2014-03,AOR,Restated
2013-12,2.494B,2.494B,1.479B,1.015B,578.80M,,,0.00,2.00M,16.10M,14.10M,578.80M,436.30M,16.10M,2.00M,14.10M,11.60M,14.10M,462.00M,147.80M,314.20M,62.80M,,377.00M,306.31M,464.00M,,2013-12,0.66,0.13,0.79,,2013-12,0.65,0.13,0.78,,2013-12,0.48,,2013-12,AOR,Restated
2013-09,2.362B,2.362B,1.441B,921.20M,537.70M,,,0.00,1.90M,18.50M,16.60M,537.70M,383.50M,18.50M,1.90M,16.60M,3.50M,16.60M,403.60M,138.70M,264.90M,63.70M,,328.60M,262.60M,405.50M,,2013-09,0.55,0.13,0.68,,2013-09,0.55,0.13,0.68,,2013-09,0.435,,2013-09,AOR,Restated
2013-06,957.20M,957.20M,625.50M,331.70M,312.40M,,,-44.90M,1.80M,,-53.10M,312.40M,19.30M,,1.80M,-53.10M,28.80M,-53.10M,-5.00M,6.90M,-11.90M,238.90M,,227.00M,17.28M,-3.20M,,2013-06,0.47,0.00,0.47,,2013-06,0.47,0.00,0.47,,2013-06,0.435,,2013-06,AOR,Restated
2013-03,3.109B,3.109B,1.743B,1.366B,653.60M,,,0.00,1.20M,6.00M,4.80M,653.60M,712.50M,6.00M,1.20M,4.80M,6.00M,4.80M,723.30M,241.70M,481.60M,1.10M,,482.70M,477.60M,724.50M,,2013-03,1.00,0.00,1.00,,2013-03,0.99,0.00,0.99,,2013-03,0.435,,2013-03,AOR,Restated
2012-12,2.748B,2.748B,1.624B,1.124B,624.70M,,,2.20M,3.00M,21.50M,18.50M,624.70M,498.80M,21.50M,3.00M,18.50M,11.50M,18.50M,528.80M,176.80M,352.00M,38.90M,,390.90M,344.34M,531.80M,,2012-12,0.73,0.08,0.81,,2012-12,0.72,0.08,0.80,,2012-12,0.435,,2012-12,AOR,Restated
2012-09,2.638B,2.638B,1.586B,1.051B,611.40M,,,,3.10M,23.80M,20.70M,611.40M,439.60M,23.80M,3.10M,20.70M,5.30M,20.70M,465.60M,163.10M,302.50M,2.80M,,305.30M,299.58M,468.70M,,2012-09,0.63,0.01,0.63,,2012-09,0.62,0.01,0.63,,2012-09,0.395,,2012-09,AOR,Restated
2012-06,2.603B,2.603B,1.572B,1.031B,671.20M,,0.00,0.00,2.30M,19.90M,17.60M,671.20M,360.20M,19.90M,2.30M,17.60M,9.90M,17.60M,387.70M,135.90M,251.80M,6.60M,,258.40M,246.21M,390.00M,,2012-06,0.53,0.02,0.53,,2012-06,0.53,0.02,0.53,,2012-06,0.395,,2012-06,AOR,Restated
2012-03,2.911B,2.911B,1.618B,1.293B,619.90M,,2.20M,-2.20M,1.20M,8.50M,7.30M,619.90M,672.80M,8.50M,1.20M,7.30M,2.00M,7.30M,682.10M,231.90M,450.20M,2.20M,,452.40M,449.28M,683.30M,,2012-03,0.92,0.00,0.93,,2012-03,0.91,0.00,0.92,,2012-03,0.395,,2012-03,AOR,Restated
2011-12,2.571B,2.571B,1.514B,1.057B,574.90M,,5.80M,60.20M,2.10M,27.20M,25.10M,574.90M,482.10M,27.20M,2.10M,25.10M,69.00M,25.10M,576.20M,203.40M,372.80M,2.20M,,375.00M,328.55M,578.30M,,2011-12,0.77,0.00,0.77,,2011-12,0.76,0.00,0.76,,2011-12,0.395,,2011-12,AOR,Restated
2011-09,2.511B,2.511B,1.500B,1.010B,586.90M,,,,2.10M,29.60M,27.50M,586.90M,423.60M,29.60M,2.10M,27.50M,4.60M,27.50M,455.70M,155.30M,300.40M,2.30M,,302.70M,297.76M,457.80M,,2011-09,0.62,0.00,0.62,,2011-09,0.61,0.00,0.61,,2011-09,0.36,,2011-09,AOR,Restated
2011-06,2.865B,2.865B,1.496B,1.369B,651.60M,,,-4.80M,1.70M,-384.40M,-386.10M,651.60M,717.80M,-384.40M,1.70M,-386.10M,12.30M,-386.10M,344.00M,111.40M,232.60M,,,241.80M,226.51M,345.70M,,2011-06,0.47,0.02,0.49,,2011-06,0.47,0.02,0.49,,2011-06,0.36,,2011-06,AOR,Restated
2011-03,2.589B,2.589B,1.521B,1.068B,577.30M,,,0.60M,1.40M,158.60M,157.20M,577.30M,490.80M,158.60M,1.40M,157.20M,5.00M,157.20M,653.00M,229.20M,423.80M,,,423.80M,420.56M,654.40M,,2011-03,0.85,0.00,0.85,,2011-03,0.85,0.00,0.85,,2011-03,0.36,,2011-03,AOR,Restated
2010-12,2.406B,2.406B,1.380B,1.025B,570.10M,,,0.60M,2.80M,27.90M,25.10M,570.10M,455.30M,27.90M,2.80M,25.10M,4.20M,25.10M,484.60M,174.50M,310.10M,,,310.10M,307.41M,487.40M,,2010-12,0.63,0.00,0.63,,2010-12,0.62,0.00,0.62,,2010-12,0.36,,2010-12,AOR,Restated
2010-09,2.229B,2.229B,1.312B,917.50M,515.60M,,,37.20M,2.70M,,-2.70M,515.60M,401.90M,,2.70M,-2.70M,37.20M,-2.70M,436.40M,157.90M,278.50M,,,278.50M,254.76M,439.10M,,2010-09,0.57,0.00,0.57,,2010-09,0.56,0.00,0.56,,2010-09,0.34,,2010-09,AOR,Restated
2010-06,2.594B,2.594B,1.282B,1.312B,611.90M,,,-106.70M,1.80M,-304.70M,-306.50M,611.90M,699.60M,-304.70M,1.80M,-306.50M,-87.60M,-306.50M,305.50M,97.90M,207.60M,0.30M,,207.90M,280.11M,307.30M,,2010-06,0.42,0.00,0.42,,2010-06,0.42,0.00,0.41,,2010-06,0.34,,2010-06,AOR,Restated
2010-03,2.295B,2.295B,1.331B,964.60M,504.90M,,,26.60M,1.20M,147.90M,146.70M,504.90M,459.70M,147.90M,1.20M,146.70M,26.60M,146.70M,633.00M,231.40M,401.60M,2.00M,,403.60M,384.72M,634.20M,,2010-03,0.80,0.00,0.80,,2010-03,0.79,0.00,0.80,,2010-03,0.34,,2010-03,AOR,Restated
2009-12,2.070B,2.070B,1.227B,843.10M,518.90M,,,29.60M,2.50M,127.70M,125.20M,518.90M,324.20M,127.70M,2.50M,125.20M,29.60M,125.20M,479.00M,164.00M,315.00M,0.80M,,315.80M,295.53M,481.50M,,2009-12,0.63,0.00,0.63,,2009-12,0.62,0.00,0.62,,2009-12,0.34,,2009-12,AOR,Restated
2009-09,1.968B,2.096B,1.190B,906.60M,491.50M,,,-3.30M,3.20M,164.20M,161.00M,491.50M,415.10M,164.20M,3.20M,161.00M,-2.60M,161.00M,445.60M,162.70M,282.90M,1.20M,,284.10M,284.55M,448.80M,,2009-09,0.56,0.01,0.57,,2009-09,0.56,0.00,0.56,,2009-09,0.33,,2009-09,AOR,Restated
2009-06,1.955B,2.101B,1.193B,907.70M,574.30M,,,-105.80M,3.50M,174.10M,170.60M,574.30M,333.40M,174.10M,3.50M,170.60M,-103.30M,170.60M,360.80M,13.60M,347.20M,5.40M,,352.60M,446.61M,364.30M,,2009-06,0.69,0.01,0.71,,2009-06,0.69,0.01,0.70,,2009-06,0.33,,2009-06,AOR,Restated
2009-03,2.204B,2.369B,1.215B,1.154B,518.90M,,,17.50M,2.50M,181.20M,178.70M,518.90M,635.10M,181.20M,2.50M,178.70M,-4.10M,178.70M,628.50M,226.40M,402.10M,0.40M,,402.50M,404.72M,631.00M,,2009-03,0.80,0.00,0.80,,2009-03,0.80,0.00,0.80,,2009-03,0.33,,2009-03,AOR,Restated
2008-12,2.056B,2.203B,1.188B,1.016B,573.10M,,,-6.20M,8.10M,190.60M,182.50M,573.10M,442.70M,190.60M,8.10M,182.50M,-4.70M,182.50M,473.20M,172.80M,300.40M,0.10M,,300.50M,303.38M,481.30M,,2008-12,0.60,0.00,0.60,,2008-12,0.59,0.00,0.59,,2008-12,0.33,,2008-12,,Restated
2008-09,2.030B,2.182B,1.237B,944.80M,526.70M,,,-4.70M,19.20M,197.90M,178.70M,526.70M,418.10M,197.90M,19.20M,178.70M,-3.60M,178.70M,441.30M,163.30M,278.00M,-1.10M,,276.90M,280.27M,460.50M,,2008-09,0.55,0.00,0.55,,2008-09,0.54,0.00,0.54,,2008-09,0.29,,2008-09,,Restated
2008-06,2.038B,2.207B,1.196B,1.012B,697.00M,,,-159.90M,12.50M,,-639.50M,697.00M,314.70M,,12.50M,-639.50M,-168.70M,-639.50M,354.50M,128.50M,226.00M,7.50M,,233.50M,327.94M,367.00M,,2008-06,0.44,0.01,0.46,,2008-06,0.43,0.01,0.45,,2008-06,0.29,,2008-06,,Restated
2008-03,2.229B,2.427B,1.224B,1.203B,585.30M,,,-2.50M,7.90M,223.50M,215.60M,585.30M,617.50M,223.50M,7.90M,215.60M,0.90M,215.60M,635.50M,231.90M,403.60M,10.00M,,413.60M,403.03M,643.40M,,2008-03,0.78,0.02,0.80,,2008-03,0.77,0.02,0.79,,2008-03,0.29,,2008-03,,Restated
2007-12,2.150B,2.150B,979.80M,1.170B,554.50M,128.80M,,0.70M,,,,742.90M,427.40M,,,,0.70M,,440.60M,149.00M,291.60M,-0.40M,,291.20M,291.14M,427.40M,,2007-12,0.56,0.00,0.56,,2007-12,0.55,0.00,0.55,,2007-12,0.29,,2007-12,,
2007-09,1.992B,1.992B,908.30M,1.084B,533.60M,124.40M,,0.60M,,,,717.40M,366.30M,,,,0.60M,,381.50M,141.10M,240.40M,57.00M,,297.40M,240.02M,366.30M,,2007-09,0.45,0.11,0.56,,2007-09,0.45,0.11,0.55,,2007-09,0.23,,2007-09,,
2007-06,2.000B,2.000B,875.90M,1.124B,649.20M,130.40M,,-9.00M,,,,834.10M,289.90M,,,,-9.00M,,307.40M,113.40M,194.00M,0.70M,,194.70M,199.68M,289.90M,,2007-06,0.36,0.00,0.36,,2007-06,0.35,0.00,0.35,,2007-06,0.23,,2007-06,,
2007-03,2.171B,2.189B,891.40M,1.298B,549.80M,122.20M,,-0.50M,,,,725.50M,572.40M,,,,-0.50M,,571.40M,211.30M,360.10M,28.80M,,388.90M,360.42M,572.40M,,2007-03,0.65,0.05,0.70,,2007-03,0.65,0.05,0.70,,2007-03,0.23,,2007-03,,
2006-12,1.874B,1.874B,821.50M,1.053B,514.60M,119.60M,,18.10M,,,,684.90M,367.90M,,,,18.10M,,395.50M,147.50M,248.00M,49.70M,,297.70M,236.65M,367.90M,,2006-12,0.45,0.09,0.54,,2006-12,0.45,0.09,0.54,,2006-12,0.23,,2006-12,,
2006-09,1.755B,1.755B,917.40M,837.40M,492.60M,,,90.00M,,,,542.80M,294.60M,,,,90.00M,,349.20M,130.00M,219.20M,38.30M,,257.50M,162.71M,294.60M,,2006-09,0.40,0.07,0.46,,2006-09,0.39,0.07,0.46,,2006-09,0.185,,2006-09,,
2006-06,2.107B,1.714B,1.443B,270.30M,557.30M,,,-83.20M,,,,91.20M,179.10M,,,,-83.20M,,214.80M,89.20M,125.60M,578.10M,,703.70M,175.52M,179.10M,,2006-06,0.22,1.01,1.23,,2006-06,0.22,1.00,1.22,,2006-06,0.185,,2006-06,,
2006-03,1.761B,1.927B,781.80M,1.145B,495.30M,120.50M,,23.00M,,,,658.10M,487.10M,,,,23.00M,,503.10M,188.50M,314.60M,56.00M,,370.60M,300.22M,487.10M,,2006-03,0.54,0.10,0.64,,2006-03,0.54,0.10,0.64,,2006-03,0.185,,2006-03,,
2005-12,2.030B,2.030B,947.70M,1.083B,481.00M,145.90M,,-3.10M,,,,677.90M,404.80M,,,,-3.10M,,413.80M,156.80M,257.00M,2.70M,,259.70M,258.93M,404.80M,,2005-12,0.45,0.00,0.45,,2005-12,0.44,0.00,0.45,,2005-12,0.185,,2005-12,,
2005-09,1.922B,1.922B,925.40M,996.30M,454.50M,142.00M,,-12.80M,,,,666.60M,329.70M,,,,-12.80M,,332.10M,126.00M,206.10M,13.90M,,220.00M,214.04M,329.70M,,2005-09,0.36,0.02,0.38,,2005-09,0.35,0.02,0.38,,2005-09,0.155,,2005-09,,
2005-06,1.038B,-65.93M,463.30M,-529.23M,419.00M,,,-475.80M,,,,-185.00M,-344.23M,,,,-475.80M,,42.60M,10.60M,32.00M,226.70M,,258.70M,389.41M,-344.23M,,2005-06,0.06,0.3912,-0.03,,2005-06,0.05,0.3858,-0.03,,2005-06,0.155,,2005-06,,
2005-03,1.926B,2.215B,1.016B,1.200B,485.50M,136.50M,,165.50M,,,,691.60M,507.90M,,,,165.50M,,509.20M,190.20M,319.00M,19.40M,,338.40M,215.32M,507.90M,,2005-03,0.55,0.03,0.58,,2005-03,0.54,0.03,0.57,,2005-03,0.155,,2005-03,,
2004-12,1.902B,1.994B,915.72M,1.078B,465.36M,150.07M,,11.35M,,,,691.59M,386.27M,,,,11.35M,,397.62M,147.52M,250.10M,,,250.10M,242.96M,386.27M,,2004-12,0.43,0.00,0.43,,2004-12,0.42,0.00,0.42,,2004-12,0.155,,2004-12,,
2004-09,1.770B,1.855B,867.02M,987.66M,446.16M,148.72M,,12.58M,,,,669.30M,318.36M,,,,12.58M,,330.94M,122.78M,208.16M,,,208.16M,200.25M,318.36M,,2004-09,0.36,0.00,0.36,,2004-09,0.35,0.00,0.35,,2004-09,0.14,,2004-09,,
2004-06,1.517B,1.610B,759.79M,850.50M,416.12M,114.00M,,10.04M,,,,581.70M,268.81M,,,,10.04M,,278.85M,104.83M,174.02M,,,211.92M,167.75M,268.81M,,2004-06,-0.03,0.0641,-0.03,,2004-06,-0.03,0.0633,-0.03,,2004-06,0.14,,2004-06,,
2004-03,2.025B,2.121B,944.37M,1.177B,487.41M,144.82M,,12.00M,,,,709.42M,467.64M,,,,12.00M,,479.64M,179.39M,300.25M,,,300.25M,292.74M,467.64M,,2004-03,0.51,0.00,0.51,,2004-03,0.50,0.00,0.50,,2004-03,0.14,,2004-03,,
2003-12,1.745B,1.827B,810.30M,1.017B,459.29M,133.12M,,14.07M,,,,666.03M,351.07M,,,,14.07M,,365.14M,136.56M,228.58M,,,228.58M,219.77M,351.07M,,2003-12,0.39,0.00,0.39,,2003-12,0.38,0.00,0.38,,2003-12,0.14,,2003-12,,
2003-09,1.637B,1.720B,794.24M,926.04M,426.88M,131.75M,,18.59M,,,,633.36M,292.68M,,,,18.59M,,311.27M,116.42M,194.85M,,,194.85M,183.21M,292.68M,,2003-09,0.33,0.00,0.33,,2003-09,0.32,0.00,0.32,,2003-09,0.12,,2003-09,,
2003-06,1.820B,1.912B,888.96M,1.023B,495.60M,134.51M,,104.59M,,,,700.91M,321.69M,,,,104.59M,,348.35M,131.68M,216.67M,,,216.67M,151.62M,321.69M,,2003-06,0.03,0.00,0.03,,2003-06,0.02,0.00,0.02,,2003-06,0.12,,2003-06,,
2003-03,1.807B,1.906B,796.58M,1.109B,412.79M,123.40M,,8.168M,,,,603.70M,505.50M,,,,8.168M,,533.00M,203.61M,329.39M,,,329.39M,324.34M,505.50M,,2003-03,0.55,0.00,0.55,,2003-03,0.54,0.00,0.54,,2003-03,0.12,,2003-03,,
2002-12,1.595B,1.683B,702.72M,980.28M,402.00M,121.38M,,35.26M,,,,592.08M,388.20M,,,,35.26M,,423.45M,161.76M,261.69M,,,261.69M,239.90M,388.20M,,2002-12,0.44,0.00,0.44,,2002-12,0.43,0.00,0.43,,2002-12,0.12,,2002-12,,
2002-09,1.557B,1.647B,708.47M,938.22M,447.95M,119.90M,,37.72M,,,,635.54M,302.68M,,,,37.72M,,340.40M,130.00M,210.40M,,,210.40M,187.09M,302.68M,,2002-09,0.35,0.00,0.35,,2002-09,0.34,0.00,0.34,,2002-09,0.115,,2002-09,,
2002-06,1.745B,1.845B,829.83M,1.015B,387.35M,125.09M,,29.94M,,,,580.40M,435.08M,,,,29.94M,,465.02M,177.71M,287.31M,,,287.31M,268.81M,435.08M,,2002-06,0.47,0.00,0.47,,2002-06,0.46,0.00,0.46,,2002-06,0.115,,2002-06,,
2002-03,1.762B,1.870B,772.49M,1.098B,369.22M,116.39M,,33.11M,,,,558.81M,538.74M,,,,33.11M,,571.85M,219.59M,352.26M,,,352.26M,331.86M,538.74M,,2002-03,0.57,0.00,0.57,,2002-03,0.56,0.00,0.56,,2002-03,0.115,,2002-03,,
2001-12,1.571B,1.681B,691.97M,989.06M,393.56M,117.54M,,20.39M,,,,579.55M,409.51M,,,,20.39M,,429.90M,165.30M,264.60M,,,264.60M,252.05M,409.51M,,2001-12,0.43,0.00,0.43,,2001-12,0.42,0.00,0.42,,2001-12,0.115,,2001-12,,
2001-09,1.495B,1.608B,676.35M,931.53M,456.56M,115.83M,,30.52M,,,,641.85M,289.68M,,,,30.52M,,320.20M,123.60M,196.60M,,,196.60M,177.86M,289.68M,,2001-09,0.32,0.00,0.32,,2001-09,0.31,0.00,0.31,,2001-09,0.1025,,2001-09,,
2001-06,1.850B,1.980B,808.76M,1.171B,401.28M,141.14M,,-113.43M,,,,623.30M,547.79M,,,,-113.43M,,420.10M,165.10M,255.00M,,,255.00M,323.85M,547.79M,,2001-06,0.41,0.00,0.41,,2001-06,0.40,0.00,0.40,,2001-06,0.1025,,2001-06,,
2001-03,1.710B,1.854B,754.30M,1.099B,418.10M,126.56M,,0.514M,,,,624.58M,474.89M,,,,0.514M,,475.40M,186.52M,288.88M,,,288.88M,288.57M,474.89M,,2001-03,0.46,0.00,0.46,,2001-03,0.45,0.00,0.45,,2001-03,0.1025,,2001-03,,
2000-12,1.510B,1.640B,677.10M,962.72M,410.63M,127.50M,,-3.166M,,,,616.65M,346.07M,,,,-3.166M,,342.90M,135.46M,207.44M,,,207.44M,209.36M,346.07M,,2000-12,0.33,0.00,0.33,,2000-12,0.32,0.00,0.32,,2000-12,0.1025,,2000-12,,
2000-09,1.428B,1.544B,659.96M,884.17M,435.44M,119.07M,,-0.607M,,,,636.05M,248.12M,,,,-0.607M,,286.61M,113.21M,173.40M,,,173.40M,173.77M,248.12M,,2000-09,0.28,0.00,0.28,,2000-09,0.27,0.00,0.27,,2000-09,0.0875,,2000-09,,
2000-06,1.376B,1.376B,737.69M,637.91M,396.34M,127.65M,,,,,,602.24M,35.67M,,,,,,348.76M,124.97M,223.79M,,,223.79M,223.79M,35.67M,,2000-06,0.35,0.00,0.35,,2000-06,0.35,0.00,0.35,,2000-06,0.0875,,2000-06,,
2000-03,1.720B,1.720B,661.94M,1.058B,446.93M,119.75M,,,,,,639.53M,418.27M,,,,,,415.45M,144.14M,271.31M,,,271.31M,271.31M,418.27M,,2000-03,0.43,0.00,0.43,,2000-03,0.42,0.00,0.42,,2000-03,0.0875,,2000-03,,
1999-12,1.492B,1.492B,613.80M,878.70M,395.10M,109.20M,,,,,,571.80M,306.90M,,,,,,303.20M,103.70M,199.50M,,,199.50M,199.50M,306.90M,,1999-12,0.32,0.00,0.32,,1999-12,0.31,0.00,0.31,,1999-12,0.0875,,1999-12,,
1999-09,1.351B,1.351B,551.10M,800.00M,405.00M,103.70M,,,,,,574.30M,225.70M,,,,,,222.20M,76.00M,146.20M,,,146.20M,146.20M,225.70M,,1999-09,0.23,0.00,0.23,,1999-09,0.23,0.00,0.23,,1999-09,0.0763,,1999-09,,
1999-06,1.471B,1.471B,650.90M,819.70M,351.40M,103.10M,,,,,,523.40M,296.30M,,,,,,292.60M,100.90M,191.70M,,,191.70M,191.70M,296.30M,,1999-06,0.31,0.00,0.31,,1999-06,0.30,0.00,0.30,,1999-06,0.0763,,1999-06,,
1999-03,1.514B,1.514B,611.20M,902.90M,379.50M,102.50M,,,,,,547.40M,355.50M,,,,,,351.70M,126.00M,225.70M,,,225.70M,225.70M,355.50M,,1999-03,0.37,0.00,0.37,,1999-03,0.36,0.00,0.36,,1999-03,0.0763,,1999-03,,
1998-12,1.310B,1.310B,560.80M,749.40M,314.80M,105.70M,,,,,,489.30M,260.10M,,,,,,254.50M,100.50M,154.00M,,,154.00M,154.00M,260.10M,,1998-12,0.25,0.00,0.25,,1998-12,0.24,0.00,0.24,,1998-12,0.0763,,1998-12,,
1998-09,1.245B,1.245B,553.30M,691.80M,329.60M,101.10M,,,,,,500.40M,191.40M,,,,,,185.80M,60.40M,125.40M,,,125.40M,125.40M,191.40M,,1998-09,0.20,0.00,0.20,,1998-09,0.20,0.00,0.20,,1998-09,0.0663,,1998-09,,
1998-06,1.336B,1.336B,343.50M,992.90M,303.20M,,,,,,,747.90M,245.00M,,,,,,240.30M,76.40M,163.90M,,,163.90M,163.90M,245.00M,,1998-06,0.27,0.00,0.27,,1998-06,0.26,0.00,0.26,,1998-06,0.0663,,1998-06,,
