,OperatingRevenue,Revenue,CostofGoodsSold,GrossProfit,GeneralandAdministrativeExpense,SG&AExpense,IncomeStatementDepreciation,AmortizationExpense,SpecialIncomeandCharges,ProvisionforDoubtfulAccounts,NonIncomeTaxes,OperatingInterestExpense,OperatingInterestIncome,NetOperatingInterestIncome,OtherOperatingExpenses,TotalOperatingExpenses,OperatingIncome,Non-OperatingInterestIncome,Non-OperatingInterestExpense,NetNon-OperatingInterestIncomeExpense,OtherIncomeandExpenses,NetInterestIncome,Pre-TaxIncome,ProvisionforIncomeTaxes,IncomefromContinuingOperations,IncomeAttributabletoMinorityInterest,PreferredStockDividend,NetIncome,NormalizedIncome,EBITDA,,BasicEPS(Quarterly),EPSBasicfromContinuingOperations,EPSBasicfromDiscontinuedOperations,EPSBasicfromExtraordinaries,EPSBasic,,DilutedEPS(Quarterly),EPSDilutedfromExtraordinaries,EPSDilutedfromTaxLossCarryforward,NormalizedDilutedEPS,EPSDiluted,,SharesData(Quarterly),AverageBasicSharesOutstanding,AverageDilutedSharesOutstanding,DividendPerShare,,SECFilingLinks,AsOriginallyReported,Restated
2020-09,899.70M,918.37M,495.54M,422.83M,34.23M,34.23M,,,-18.71M,4.999M,,115.50M,0.572M,-114.93M,,288.59M,134.23M,0.572M,115.50M,-114.93M,-8.758M,-114.93M,10.54M,-3.195M,13.74M,-0.986M,,12.75M,17.20M,375.41M,,2020-09,0.04,-0.01,,0.03,,2020-09,,,0.0518,0.03,,2020-09,373.18M,376.30M,0.45,,2020-09,AOR,
2020-06,922.17M,941.66M,499.15M,442.51M,29.98M,29.98M,,,-6.586M,29.66M,,123.13M,1.54M,-121.59M,,409.23M,33.28M,1.54M,123.13M,-121.59M,-14.56M,-121.59M,-102.88M,56.36M,-159.24M,2.065M,,-157.17M,-153.28M,369.85M,,2020-06,-0.43,0.01,,-0.42,,2020-06,,,-0.4196,-0.42,,2020-06,372.98M,376.02M,0.45,,2020-06,AOR,
2020-03,983.16M,1.007B,481.70M,525.51M,42.54M,42.54M,,,-8.218M,,,116.70M,4.853M,-111.84M,,291.37M,234.13M,4.853M,116.70M,-111.84M,203.42M,-111.84M,325.71M,-149.02M,474.73M,-1.613M,,473.12M,313.97M,691.25M,,2020-03,1.27,0.00,,1.27,,2020-03,,,0.8367,1.26,,2020-03,372.83M,376.00M,0.7925,,2020-03,AOR,
2019-12,972.75M,995.13M,480.85M,514.28M,41.63M,41.63M,,,-4.19M,,,116.71M,0.875M,-115.83M,,390.54M,123.74M,0.875M,116.71M,-115.83M,5.681M,-115.83M,13.59M,0.694M,12.89M,-1.45M,,11.44M,14.10M,479.20M,,2019-12,0.03,0.00,,0.03,,2019-12,,,0.0371,0.03,,2019-12,372.74M,376.57M,0.7925,,2019-12,AOR,
2019-09,952.37M,982.54M,462.12M,520.42M,40.53M,40.53M,,,-41.74M,0.00,,113.97M,0.62M,-113.35M,,275.13M,245.28M,0.62M,113.97M,-113.35M,-43.01M,-113.35M,88.92M,2.005M,86.92M,-1.659M,,85.26M,126.02M,437.49M,,2019-09,0.23,0.00,,0.23,,2019-09,,,0.3382,0.23,,2019-09,372.43M,376.62M,0.7925,,2019-09,AOR,Restated
2019-06,921.99M,941.52M,436.42M,505.10M,43.08M,43.08M,,,-8.622M,0.00,,110.37M,9.202M,-101.17M,,269.27M,235.83M,9.202M,110.37M,-101.17M,19.48M,-101.17M,154.15M,-57.75M,211.90M,-1.369M,,210.53M,202.84M,490.70M,,2019-06,0.59,-0.01,,0.58,,2019-06,,,0.5590,0.58,,2019-06,361.72M,365.55M,0.7925,,2019-06,AOR,Restated
2019-03,925.46M,942.59M,431.14M,511.45M,40.76M,40.76M,,,-2.585M,,,110.62M,0.287M,-110.33M,,276.68M,234.77M,0.287M,110.62M,-110.33M,1.893M,-110.33M,126.33M,-1.257M,127.59M,-1.803M,,125.78M,123.70M,472.87M,,2019-03,0.36,-0.01,,0.35,,2019-03,,,0.3442,0.35,,2019-03,356.85M,360.62M,0.7925,,2019-03,AOR,Restated
2018-12,904.39M,922.91M,427.50M,495.40M,38.48M,38.48M,,,-12.10M,,,110.52M,0.357M,-110.17M,,282.75M,212.65M,0.357M,110.52M,-110.17M,-67.83M,-110.17M,34.65M,-28.65M,63.30M,-1.029M,,62.27M,63.55M,389.45M,,2018-12,0.18,-0.01,,0.17,,2018-12,,,0.1835,0.17,,2018-12,356.39M,360.00M,0.7925,,2018-12,AOR,Restated
2018-09,905.88M,923.98M,428.82M,495.16M,39.68M,39.68M,,,-43.98M,,,107.58M,12.55M,-95.03M,,258.26M,236.91M,12.55M,107.58M,-95.03M,-45.93M,-95.03M,95.95M,-7.327M,103.28M,-1.309M,,101.97M,134.07M,422.11M,,2018-09,0.29,0.00,,0.29,,2018-09,,,0.3793,0.28,,2018-09,356.32M,359.36M,0.79,,2018-09,AOR,Restated
2018-06,883.54M,939.96M,421.95M,518.01M,36.66M,36.66M,,,-4.401M,,,113.03M,2.347M,-110.68M,,260.29M,257.72M,2.347M,113.03M,-110.68M,21.53M,-110.68M,168.57M,-0.734M,169.30M,-2.781M,,166.52M,143.58M,505.23M,,2018-06,0.48,-0.01,,0.47,,2018-06,,,0.4061,0.46,,2018-06,356.23M,359.00M,0.79,,2018-06,AOR,Restated
2018-03,902.89M,934.07M,413.03M,521.04M,37.17M,37.17M,,,-28.31M,,,111.36M,9.634M,-101.73M,,270.32M,250.72M,9.634M,111.36M,-101.73M,-72.12M,-101.73M,76.87M,-3.242M,80.11M,-1.395M,,78.70M,99.35M,421.38M,,2018-03,0.22,0.00,,0.22,,2018-03,,,0.2775,0.22,,2018-03,356.11M,358.85M,0.79,,2018-03,AOR,Restated
2017-12,858.00M,890.11M,373.73M,516.38M,34.93M,34.93M,,,-1.53M,,,111.95M,5.18M,-106.77M,,267.58M,248.80M,5.18M,111.95M,-106.77M,707.40M,-106.77M,849.43M,-46.68M,896.11M,-1.251M,,392.55M,895.78M,1.194B,,2017-12,2.530,-0.0097,,1.11,,2017-12,,,2.514,1.09,,2017-12,355.97M,359.17M,0.79,,2017-12,AOR,Restated
2017-09,866.77M,899.76M,376.62M,523.13M,33.32M,33.32M,,,-1.315M,,,113.87M,0.171M,-113.70M,,246.72M,276.41M,0.171M,113.87M,-113.70M,-13.60M,-113.70M,149.12M,-7.815M,156.93M,-1.233M,,613.96M,156.49M,476.39M,,2017-09,0.4374,-0.0001,0.0000,1.72,,2017-09,1.275,,0.4355,1.71,,2017-09,355.93M,359.33M,0.775,,2017-09,AOR,Restated
2017-06,862.92M,895.29M,366.38M,528.91M,33.28M,33.28M,,,-6.079M,,,113.57M,0.202M,-113.37M,,257.39M,271.52M,0.202M,113.57M,-113.37M,-8.033M,-113.37M,150.11M,-2.159M,152.27M,-1.137M,,151.83M,154.78M,487.79M,,2017-06,0.43,0.00,0.00,0.43,,2017-06,0.0020,,0.4302,0.42,,2017-06,355.02M,358.31M,0.775,,2017-06,AOR,Restated
2017-03,862.82M,882.96M,369.72M,513.24M,33.96M,33.96M,,,-2.365M,,,108.80M,0.481M,-108.32M,,251.74M,261.49M,0.481M,108.80M,-108.32M,-0.403M,-108.32M,152.77M,-3.145M,155.91M,-1.021M,,198.13M,156.31M,479.35M,,2017-03,0.44,0.12,0.00,0.56,,2017-03,0.1211,,0.4440,0.55,,2017-03,354.41M,357.57M,0.775,,2017-03,AOR,Restated
2016-12,855.63M,875.63M,366.50M,509.13M,31.49M,31.49M,,,0.824M,,,107.74M,0.084M,-107.66M,,263.68M,245.45M,0.084M,107.74M,-107.66M,100.15M,-107.66M,237.94M,-2.836M,240.78M,-1.195M,,207.64M,239.09M,577.87M,,2016-12,0.59,0.00,0.00,0.59,,2016-12,0.1858,,0.5786,0.58,,2016-12,353.98M,357.50M,0.775,,2016-12,AOR,Restated
2016-09,834.99M,866.55M,362.09M,504.46M,31.57M,31.57M,,,-16.60M,,,105.06M,0.562M,-104.50M,,239.95M,264.51M,0.562M,105.06M,-104.50M,-18.10M,-104.50M,141.91M,-8.537M,150.45M,-0.732M,,149.45M,159.67M,455.36M,,2016-09,0.43,0.00,0.00,0.43,,2016-09,-0.0004,,0.4481,0.42,,2016-09,350.27M,354.19M,0.73,,2016-09,AOR,Restated
2016-06,824.15M,848.29M,353.81M,494.49M,32.09M,32.09M,,,-9.692M,,,103.66M,0.111M,-103.55M,,254.06M,240.43M,0.111M,103.66M,-103.55M,-10.58M,-103.55M,126.30M,-11.55M,137.85M,-0.278M,,143.16M,143.39M,451.93M,,2016-06,0.41,0.01,0.00,0.42,,2016-06,0.0168,,0.4170,0.42,,2016-06,338.90M,342.57M,0.73,,2016-06,AOR,Restated
2016-03,829.78M,852.17M,359.67M,492.50M,31.73M,31.73M,,,-1.946M,,,103.27M,0.119M,-103.15M,,268.11M,224.38M,0.119M,103.27M,-103.15M,-6.312M,-103.15M,114.92M,-8.421M,123.34M,-0.054M,,148.98M,124.45M,454.58M,,2016-03,0.37,0.07,0.00,0.44,,2016-03,0.0772,,0.3634,0.44,,2016-03,335.56M,339.20M,0.73,,2016-03,AOR,Restated
2015-12,820.58M,840.94M,359.80M,481.14M,27.64M,27.64M,,,2.565M,,,103.69M,0.333M,-103.36M,,264.43M,216.71M,0.333M,103.69M,-103.36M,-1.667M,-103.36M,111.68M,-11.55M,123.23M,-0.332M,,124.73M,121.36M,452.17M,,2015-12,0.33,0.04,0.00,0.37,,2015-12,0.0124,,0.3254,0.37,,2015-12,332.92M,336.40M,0.73,,2015-12,AOR,Restated
2015-09,808.61M,827.53M,354.26M,473.27M,32.11M,32.11M,,,-77.48M,,,97.14M,0.074M,-97.06M,,258.45M,214.82M,0.074M,97.14M,-97.06M,-83.23M,-97.06M,34.54M,-10.70M,45.24M,-0.265M,,22.85M,91.46M,371.88M,,2015-09,0.14,-0.07,0.00,0.07,,2015-09,0.0008,,0.2782,0.07,,2015-09,332.49M,336.34M,0.73,,2015-09,AOR,Restated
2015-06,786.53M,811.75M,348.43M,463.32M,33.96M,33.96M,,,-11.81M,,,83.96M,0.174M,-83.78M,,248.67M,214.65M,0.174M,83.96M,-83.78M,-16.08M,-83.78M,114.78M,-9.789M,124.57M,-0.465M,,149.82M,131.20M,447.95M,,2015-06,0.39,0.06,0.00,0.45,,2015-06,0.0224,,0.4112,0.45,,2015-06,330.72M,334.03M,0.79,,2015-06,AOR,Restated
2015-03,783.07M,805.13M,347.72M,457.41M,34.33M,34.33M,,,-30.63M,,,82.33M,0.471M,-81.86M,,250.54M,206.86M,0.471M,82.33M,-81.86M,-35.76M,-81.86M,89.25M,-7.25M,96.50M,-0.317M,,120.44M,114.56M,419.03M,,2015-03,0.32,0.05,0.00,0.37,,2015-03,0.0203,,0.3758,0.37,,2015-03,325.45M,329.20M,0.79,,2015-03,AOR,Restated
2014-12,713.76M,728.64M,319.90M,408.74M,28.11M,28.11M,,,-7.845M,,,77.95M,3.452M,-74.50M,,246.16M,162.58M,3.452M,77.95M,-74.50M,-16.21M,-74.50M,71.88M,-13.55M,85.43M,-0.407M,,107.19M,90.12M,391.12M,,2014-12,0.30,0.07,0.00,0.37,,2014-12,0.0049,,0.3071,0.36,,2014-12,294.80M,297.48M,0.79,,2014-12,AOR,Restated
2014-09,691.38M,704.56M,311.10M,393.46M,29.46M,29.46M,,,-18.60M,,,77.32M,0.367M,-76.96M,,202.47M,190.99M,0.367M,77.32M,-76.96M,-28.06M,-76.96M,85.97M,-1.887M,87.86M,-0.522M,,109.13M,99.43M,364.53M,,2014-09,0.31,0.06,0.00,0.37,,2014-09,0.0122,,0.3508,0.37,,2014-09,294.03M,296.50M,0.725,,2014-09,AOR,Restated
2014-06,736.46M,751.08M,290.38M,460.70M,31.31M,31.31M,,,-12.52M,,,91.50M,0.173M,-91.33M,,222.12M,238.57M,0.173M,91.50M,-91.33M,-17.04M,-91.33M,130.21M,3.274M,126.93M,-0.168M,,138.40M,138.97M,413.77M,,2014-06,0.47,0.00,0.00,0.47,,2014-06,0.0401,,0.5112,0.47,,2014-06,293.99M,296.50M,0.725,,2014-06,AOR,Restated
2014-03,730.43M,741.20M,291.01M,450.19M,32.87M,32.87M,,,-10.50M,,,87.84M,0.273M,-87.57M,,226.46M,223.73M,0.273M,87.84M,-87.57M,-15.48M,-87.57M,120.68M,3.433M,117.24M,-0.227M,,121.05M,127.22M,402.39M,,2014-03,0.40,0.01,0.00,0.41,,2014-03,0.0034,,0.4344,0.41,,2014-03,293.88M,296.24M,0.725,,2014-03,AOR,Restated
2013-12,429.09M,438.23M,291.71M,146.52M,30.33M,30.33M,,,-6.607M,,,4.374M,0.121M,-4.253M,,136.20M,10.32M,0.121M,4.374M,-4.253M,-11.69M,-4.253M,-5.624M,1.272M,-6.896M,0.001M,,108.44M,-2.600M,199.31M,,2013-12,0.37,0.00,0.00,0.37,,2013-12,0.00,,0.3845,0.37,,2013-12,293.69M,296.08M,0.725,,2013-12,AOR,Restated
2013-09,696.74M,711.18M,286.53M,424.65M,28.66M,28.66M,,,-6.019M,,,83.76M,0.066M,-83.70M,,205.70M,218.95M,0.066M,83.76M,-83.70M,-10.26M,-83.70M,124.99M,-2.78M,127.77M,-0.303M,,118.30M,131.38M,397.15M,,2013-09,0.43,-0.03,0.00,0.40,,2013-09,0.00,,0.4433,0.40,,2013-09,292.82M,295.19M,0.67,,2013-09,AOR,Restated
2013-06,668.58M,683.31M,271.16M,412.16M,27.32M,27.32M,,,-5.947M,,,82.24M,0.797M,-81.44M,,198.85M,213.31M,0.797M,82.24M,-81.44M,-10.84M,-81.44M,121.03M,-12.06M,133.09M,0.047M,,114.58M,137.00M,397.25M,,2013-06,0.45,-0.06,0.00,0.39,,2013-06,0.00,,0.4631,0.39,,2013-06,292.64M,295.12M,0.67,,2013-06,AOR,Restated
2013-03,665.77M,681.87M,268.84M,413.03M,28.77M,28.77M,,,-4.262M,,,78.63M,1.038M,-77.60M,,204.24M,208.79M,1.038M,78.63M,-77.60M,-7.92M,-77.60M,123.27M,1.744M,121.53M,-0.905M,,112.19M,124.83M,388.85M,,2013-03,0.41,-0.03,0.00,0.38,,2013-03,0.00,,0.4243,0.38,,2013-03,291.46M,293.92M,0.67,,2013-03,AOR,Restated
2012-12,638.79M,653.48M,263.05M,390.42M,23.02M,23.02M,,,-12.92M,,,74.69M,0.664M,-74.02M,,203.20M,187.23M,0.664M,74.69M,-74.02M,-14.56M,-74.02M,98.65M,-3.555M,102.20M,0.141M,,86.27M,110.74M,375.08M,,2012-12,0.33,-0.04,,0.29,,2012-12,,,0.3583,0.29,,2012-12,294.72M,297.09M,0.62,,2012-12,AOR,Restated
2012-09,629.29M,638.32M,253.94M,384.39M,26.87M,26.87M,,,-3.723M,,,74.04M,0.33M,-73.71M,,215.41M,168.98M,0.33M,74.04M,-73.71M,11.38M,-73.71M,106.66M,-8.886M,115.54M,0.061M,,111.88M,118.03M,377.32M,,2012-09,0.39,-0.01,,0.38,,2012-09,,,0.3981,0.38,,2012-09,294.93M,297.41M,0.62,,2012-09,AOR,Restated
2012-06,603.75M,611.90M,240.49M,371.41M,26.42M,26.42M,,,-46.66M,,,72.77M,0.065M,-72.70M,,213.79M,157.62M,0.065M,72.77M,-72.70M,-47.65M,-72.70M,37.26M,-5.179M,42.44M,0.289M,,74.02M,73.06M,311.80M,,2012-06,0.15,0.11,,0.26,,2012-06,,,0.2436,0.25,,2012-06,290.17M,292.59M,0.62,,2012-06,AOR,Restated
2012-03,558.34M,566.38M,218.82M,347.55M,22.20M,22.20M,,,-37.52M,,,68.13M,0.047M,-68.08M,,182.62M,164.93M,0.047M,68.13M,-68.08M,-38.78M,-68.08M,58.07M,11.34M,46.73M,0.534M,,90.63M,77.46M,290.83M,,2012-03,0.16,0.15,,0.31,,2012-03,,,0.2638,0.31,,2012-03,288.38M,290.81M,0.62,,2012-03,AOR,Restated
2011-12,514.71M,549.12M,213.94M,335.18M,,23.53M,,,177.55M,,,61.46M,,-60.24M,,260.56M,74.63M,,61.46M,-60.24M,170.23M,-60.24M,184.61M,-7.621M,192.31M,0.451M,,192.95M,77.35M,417.66M,,2011-12,0.78,0.00,,0.78,,2011-12,,,0.3729,0.77,,2011-12,288.40M,290.61M,0.575,,2011-12,AOR,Restated
2011-09,555.38M,555.38M,213.77M,341.60M,,20.62M,,,-78.04M,,,69.52M,,-69.52M,-71.44M,105.77M,235.83M,,69.52M,-69.52M,-78.04M,-69.52M,88.28M,-13.73M,102.19M,0.901M,,102.88M,153.82M,314.39M,,2011-09,0.36,0.00,,0.36,,2011-09,,,0.5244,0.35,,2011-09,287.36M,290.79M,0.4486,,2011-09,AOR,Restated
2011-06,359.51M,359.51M,152.13M,207.38M,,15.55M,,,-47.76M,,,52.04M,,-52.04M,,95.06M,112.32M,,52.04M,-52.04M,-47.76M,-52.04M,12.52M,-6.11M,18.54M,-0.058M,,19.68M,49.53M,144.07M,,2011-06,0.10,0.01,,0.11,,2011-06,,,0.2744,0.11,,2011-06,176.26M,177.94M,0.7014,,2011-06,AOR,Restated
2011-03,268.43M,268.43M,92.32M,176.11M,,14.83M,,,-22.97M,,,41.74M,,-41.74M,,66.15M,109.96M,,41.74M,-41.74M,-22.97M,-41.74M,45.25M,-3.197M,48.28M,-0.062M,,48.98M,63.15M,141.26M,,2011-03,0.30,0.01,,0.31,,2011-03,,,0.3922,0.30,,2011-03,160.42M,162.02M,0.575,,2011-03,AOR,Restated
2010-12,234.86M,251.28M,84.77M,166.51M,,14.01M,,,-11.22M,,,39.02M,,-38.54M,,60.24M,106.27M,,39.02M,-38.54M,-12.16M,-38.54M,55.58M,2.849M,53.12M,-1.119M,,77.58M,62.64M,145.74M,,2010-12,0.33,0.16,,0.49,,2010-12,,,0.3973,0.49,,2010-12,156.73M,158.27M,0.535,,2010-12,AOR,Restated
2010-09,264.66M,264.66M,86.64M,178.02M,,15.28M,,,-4.723M,,,45.52M,,-45.52M,,67.38M,110.64M,,45.52M,-45.52M,-4.723M,-45.52M,60.40M,1.657M,58.35M,-0.996M,,57.90M,61.95M,158.12M,,2010-09,0.37,0.00,,0.37,,2010-09,,,0.3991,0.37,,2010-09,156.63M,157.94M,0.535,,2010-09,AOR,Restated
2010-06,243.32M,243.32M,75.18M,168.14M,,9.858M,,,-10.88M,,,43.84M,,-43.84M,,59.90M,108.24M,,43.84M,-43.84M,-10.88M,-43.84M,53.52M,0.409M,53.11M,-0.898M,,58.07M,63.01M,147.55M,,2010-06,0.33,0.04,,0.37,,2010-06,,,0.3986,0.37,,2010-06,156.61M,157.44M,0.535,,2010-06,AOR,Restated
2010-03,240.89M,240.89M,78.88M,162.01M,10.68M,10.68M,,,-2.319M,,,44.09M,,-44.09M,,63.00M,99.01M,,44.09M,-44.09M,-2.213M,-44.09M,52.71M,0.286M,52.42M,-0.549M,,52.62M,54.07M,149.34M,,2010-03,0.34,0.00,,0.34,,2010-03,,,0.3540,0.34,,2010-03,156.45M,156.97M,0.535,,2010-03,AOR,Restated
2009-12,237.90M,237.90M,78.44M,159.45M,,8.22M,,,4.465M,,,44.25M,,-44.25M,,66.03M,93.42M,,44.25M,-44.25M,4.496M,-44.25M,53.67M,-0.367M,54.04M,-0.697M,,54.08M,50.44M,161.52M,,2009-12,0.35,0.00,,0.35,,2009-12,,,0.3215,0.34,,2009-12,156.34M,156.72M,0.5125,,2009-12,AOR,Restated
2009-09,234.64M,234.64M,76.34M,158.30M,,9.657M,,,-5.894M,,,43.29M,,-43.29M,,59.64M,98.66M,,43.29M,-43.29M,-5.926M,-43.29M,49.44M,-0.41M,49.85M,-0.625M,,49.80M,53.08M,142.72M,,2009-09,0.32,0.00,,0.32,,2009-09,,,0.3446,0.32,,2009-09,156.25M,156.52M,0.5125,,2009-09,AOR,Restated
2009-06,231.45M,231.45M,72.56M,158.89M,,10.36M,,,-9.482M,,,43.99M,,-43.99M,,59.00M,99.89M,,43.99M,-43.99M,-9.482M,-43.99M,46.41M,-0.395M,46.81M,-0.802M,,88.38M,52.17M,139.05M,,2009-06,0.30,0.27,,0.57,,2009-06,,,0.3399,0.57,,2009-06,154.44M,154.51M,0.5125,,2009-06,AOR,Restated
2009-03,125.68M,228.90M,75.47M,153.44M,,10.60M,,,-2.054M,,,45.93M,0.286M,-45.64M,0.099M,60.20M,93.24M,0.286M,45.93M,-45.64M,-2.054M,-45.64M,45.26M,-0.547M,45.80M,-0.741M,,74.23M,46.40M,141.70M,,2009-03,0.32,0.20,,0.52,,2009-03,,,0.3293,0.52,,2009-03,143.09M,143.14M,0.5125,,2009-03,AOR,Restated
2008-12,232.26M,232.26M,76.45M,155.81M,,11.16M,,,-0.861M,,,50.52M,,-46.30M,,62.68M,93.13M,,50.52M,-46.30M,-0.861M,-46.30M,41.74M,-1.72M,43.46M,-0.621M,,57.53M,43.40M,154.82M,,2008-12,0.29,0.11,,0.40,,2008-12,,,0.2939,0.40,,2008-12,142.99M,143.07M,0.5125,,2008-12,AOR,Restated
2008-09,235.12M,235.12M,81.70M,153.42M,,11.63M,,,21.78M,,,50.74M,,-50.74M,,61.62M,91.80M,,50.74M,-50.74M,21.78M,-50.74M,62.84M,-0.415M,63.25M,-1.04M,,63.77M,48.05M,163.58M,,2008-09,0.44,0.01,,0.45,,2008-09,,,0.3397,0.45,,2008-09,140.76M,141.14M,0.5125,,2008-09,AOR,Restated
2008-06,226.75M,229.03M,71.84M,157.19M,,9.61M,,,-1.234M,,,51.39M,0.798M,-50.59M,0.168M,66.42M,90.77M,0.798M,51.39M,-50.59M,-1.234M,-50.59M,38.15M,-3.712M,41.86M,-0.545M,,70.15M,42.12M,148.91M,,2008-06,0.30,0.21,,0.51,,2008-06,,,0.3058,0.51,,2008-06,138.13M,138.74M,0.5125,,2008-06,AOR,Restated
2008-03,227.39M,228.67M,76.96M,151.72M,,8.257M,,,-0.646M,,,52.35M,0.818M,-51.53M,-0.158M,78.61M,73.10M,0.818M,52.35M,-51.53M,-0.646M,-51.53M,20.10M,-10.04M,30.14M,-0.478M,,31.15M,30.08M,145.83M,,2008-03,0.22,0.01,,0.23,,2008-03,,,0.2231,0.23,,2008-03,136.38M,136.67M,0.5125,,2008-03,AOR,Restated
2007-12,221.89M,221.89M,75.40M,146.49M,,11.51M,,,-0.617M,,,50.38M,,-50.38M,0.00,80.10M,66.39M,,50.38M,-50.38M,-0.617M,-50.38M,15.40M,-12.97M,26.67M,-0.61M,0.00,29.40M,28.16M,145.42M,,2007-12,0.20,-0.02,,0.18,,2007-12,,,0.2030,0.18,,2007-12,133.42M,133.78M,0.475,,2007-12,AOR,Restated
2007-09,223.49M,223.49M,71.38M,152.11M,,9.315M,,,-1.651M,,,52.96M,,-52.96M,-0.088M,79.06M,73.05M,,52.96M,-52.96M,-1.651M,-52.96M,18.44M,-9.463M,27.90M,-0.675M,,28.01M,28.30M,141.23M,,2007-09,0.20,0.01,,0.21,,2007-09,,,0.2080,0.21,,2007-09,133.20M,133.50M,0.475,,2007-09,AOR,Restated
2007-06,191.92M,191.92M,50.41M,141.51M,,8.023M,,,,,,54.41M,,-54.41M,-17.78M,47.71M,93.80M,,54.41M,-54.41M,,-54.41M,39.39M,-5.611M,44.59M,-0.408M,5.199M,179.80M,44.59M,152.76M,,2007-06,0.34,1.15,,1.49,,2007-06,,,0.33,1.48,,2007-06,117.42M,117.82M,0.475,,2007-06,AOR,Restated
2007-03,117.42M,117.42M,,,7.583M,7.583M,,,0.00,,,,,,-4.847M,35.02M,82.40M,,,,,,43.59M,0.00,43.59M,-0.005M,,45.11M,43.59M,115.23M,,2007-03,0.41,0.02,,0.43,,2007-03,,,0.41,0.42,,2007-03,106.04M,106.78M,0.475,,2007-03,AOR,Restated
2006-12,108.04M,117.94M,,,,14.04M,,,0.00,,,,,,-9.364M,36.47M,78.30M,,,,,,39.72M,0.00,39.72M,0.00,,40.80M,39.72M,113.97M,,2006-12,0.38,0.01,,0.39,,2006-12,,,0.37,0.38,,2006-12,105.17M,105.68M,0.395,,2006-12,AOR,Restated
2006-09,106.86M,106.86M,,,,6.539M,,,0.00,,,,,,6.319M,41.88M,64.97M,,,,,,30.95M,0.00,30.95M,0.00,,32.24M,30.95M,94.62M,,2006-09,0.30,0.01,,0.31,,2006-09,,,0.30,0.31,,2006-09,104.02M,104.57M,0.395,,2006-09,AOR,Restated
2006-06,96.74M,96.74M,,,,6.287M,,,0.00,,,,,,1.927M,36.71M,60.02M,,,,,,27.61M,0.00,27.61M,0.00,,29.26M,27.61M,89.14M,,2006-06,0.26,0.02,,0.28,,2006-06,,,0.26,0.28,,2006-06,103.88M,104.37M,0.395,,2006-06,AOR,Restated
2006-03,97.81M,97.81M,,,,6.631M,,,,,,,,,0.622M,35.72M,62.09M,,,,,,,,29.13M,,,29.13M,29.13M,90.56M,,2006-03,0.28,0.00,,0.28,,2006-03,,,0.28,0.28,,2006-03,103.75M,104.30M,0.395,,2006-03,AOR,Restated
2005-12,98.13M,90.03M,,,5.025M,5.025M,,,,,-21.33M,,,,9.119M,21.51M,68.53M,,,,,,,,41.81M,,,47.22M,41.81M,97.24M,,2005-12,0.41,0.06,,0.47,,2005-12,,,0.41,0.46,,2005-12,103.63M,104.27M,0.36,,2005-12,AOR,
2005-09,95.93M,95.93M,,,,6.58M,,,,,,,,,0.677M,34.95M,60.98M,,,,,,,,28.72M,,,28.72M,28.72M,90.04M,,2005-09,0.28,0.00,,0.28,,2005-09,,,0.28,0.28,,2005-09,103.08M,103.88M,0.36,,2005-09,AOR,Restated
2005-06,74.95M,74.95M,,,,6.059M,18.24M,,,,,,,,0.641M,24.94M,50.01M,,,,,,,,27.11M,,,27.07M,27.11M,68.25M,,2005-06,0.31,0.00,,0.31,,2005-06,,,0.30,0.30,,2005-06,88.57M,89.35M,0.36,,2005-06,AOR,Restated
2005-03,63.80M,63.80M,,,,5.44M,13.22M,,,,,,,,34.50M,53.16M,10.64M,,,,,,,,27.61M,,,27.57M,27.61M,23.86M,,2005-03,0.33,0.00,,0.33,,2005-03,,,0.32,0.32,,2005-03,84.66M,85.40M,0.36,,2005-03,AOR,Restated
2004-12,62.23M,57.45M,,,3.659M,3.659M,12.77M,,0.00,,-17.86M,,,,19.12M,17.69M,39.76M,,,,0.00,,,,26.56M,,,46.67M,26.56M,54.63M,,2004-12,0.31,0.25,,0.56,,2004-12,,,0.31,0.55,,2004-12,84.36M,85.19M,0.325,,2004-12,AOR,Restated
2004-09,61.26M,61.26M,,,4.047M,4.047M,13.20M,,-1.37M,,-17.94M,,,,18.64M,17.94M,43.32M,,,,-1.37M,,,,25.10M,,,25.30M,25.92M,56.52M,,2004-09,0.30,0.00,,0.30,,2004-09,,,0.3097,0.30,,2004-09,84.07M,84.89M,0.325,,2004-09,AOR,Restated
2004-06,59.42M,59.42M,,,4.302M,4.302M,12.08M,,,,-17.07M,,,,17.75M,17.07M,42.36M,,,,,,,,25.46M,,,25.65M,25.46M,54.44M,,2004-06,0.30,0.01,,0.31,,2004-06,,,0.30,0.30,,2004-06,83.82M,84.56M,0.325,,2004-06,AOR,Restated
2004-03,53.94M,53.94M,,,4.224M,4.224M,10.81M,,,,-15.62M,,,,16.22M,15.62M,38.32M,,,,,,,,23.09M,,,23.28M,23.09M,49.13M,,2004-03,0.28,0.00,,0.28,,2004-03,,,0.28,0.28,,2004-03,81.70M,82.76M,0.325,,2004-03,AOR,Restated
2003-12,31.80M,44.57M,,,,5.802M,9.695M,0.364M,,,,,,,-106.24M,-47.20M,91.77M,,,,,,,,14.68M,,,77.12M,14.68M,109.01M,,2003-12,0.18,0.79,,0.97,,2003-12,,,0.18,0.96,,2003-12,80.20M,81.24M,0.2675,,2003-12,AOR,Restated
2003-09,59.78M,50.40M,,,3.136M,3.136M,9.952M,0.309M,,,-14.10M,,,,28.83M,28.13M,22.28M,,,,8.117M,,,,30.39M,,,32.21M,25.52M,32.78M,,2003-09,0.38,0.03,,0.41,,2003-09,,,0.3193,0.40,,2003-09,79.39M,80.26M,0.2675,,2003-09,AOR,Restated
2003-06,48.02M,48.02M,,,,3.08M,9.925M,0.31M,,,,,,,20.49M,33.81M,14.21M,,,,,,,,15.13M,,,16.13M,15.13M,24.44M,,2003-06,0.19,0.01,,0.20,,2003-06,,,0.19,0.20,,2003-06,78.94M,79.58M,0.2675,,2003-06,AOR,Restated
2003-03,47.00M,47.00M,,,,3.14M,9.928M,0.291M,,,,,,,-8.496M,4.863M,42.14M,,,,,,,,35.93M,,,37.29M,35.93M,52.36M,,2003-03,0.46,0.01,,0.47,,2003-03,,,0.45,0.47,,2003-03,78.83M,79.30M,0.2675,,2003-03,AOR,Restated
2002-12,27.95M,27.95M,,,,7.444M,,,,,,,,,,-37.59M,65.54M,,,,,,,,-2.401M,,,9.444M,-9.32M,65.54M,,2002-12,0.13,0.00,,0.13,,2002-12,,,0.13,0.13,,2002-12,69.97M,72.67M,0.2375,,2002-12,AOR,Restated
2002-09,49.08M,49.08M,,,2.41M,2.41M,10.41M,0.354M,-1.192M,,-14.20M,,,,16.54M,15.53M,33.55M,,,,1.192M,,14.89M,-2.20M,17.09M,,,17.09M,17.09M,44.32M,,2002-09,0.25,0.00,0.00,0.25,,2002-09,0.00,,0.24,0.24,,2002-09,69.10M,70.05M,0.2375,,2002-09,AOR,
2002-06,51.25M,51.25M,,,2.601M,2.601M,10.39M,0.715M,-9.409M,,-14.64M,,,,16.98M,16.04M,35.20M,,,,-5.587M,,10.54M,0.00,10.54M,,,26.47M,23.04M,46.31M,,2002-06,0.38,0.00,0.00,0.38,,2002-06,-0.1005,-0.1005,0.4598,0.38,,2002-06,68.85M,70.00M,0.2375,,2002-06,AOR,
2002-03,46.74M,46.74M,,,2.311M,2.311M,10.47M,0.422M,2.114M,,-13.76M,,,,16.86M,16.29M,30.45M,,,,2.114M,,12.70M,0.00,12.70M,,,12.70M,10.59M,41.34M,,2002-03,0.18,0.00,,0.18,,2002-03,,,0.1497,0.18,,2002-03,68.70M,69.84M,0.2375,,2002-03,AOR,
2001-12,64.12M,28.64M,,,7.162M,7.162M,,,,,-14.73M,,,,,-7.565M,36.21M,,,,,,19.97M,0.363M,19.61M,,,22.72M,20.93M,46.00M,,2001-12,0.34,-0.01,,0.33,,2001-12,,,0.34,0.33,,2001-12,68.20M,69.31M,0.26,,2001-12,AOR,Restated
2001-09,47.00M,47.00M,,,2.598M,2.598M,,,,,-14.19M,,,,,-11.59M,58.59M,,,,,,9.323M,0.469M,8.854M,,,9.157M,8.854M,70.58M,,2001-09,0.13,0.00,,0.13,,2001-09,,,0.13,0.13,,2001-09,68.49M,69.58M,0.44,,2001-09,AOR,
2001-06,46.72M,46.72M,,,2.593M,2.593M,,,,,-14.55M,,,,,-11.96M,58.68M,,,,,,8.768M,1.184M,7.584M,,,8.105M,7.584M,70.83M,,2001-06,0.12,0.00,,0.12,,2001-06,,,0.12,0.12,,2001-06,68.41M,69.31M,0.22,,2001-06,AOR,
2001-03,47.62M,47.62M,,,2.549M,2.549M,10.50M,0.403M,,,-15.25M,,,,,-1.799M,49.42M,,,,,,11.25M,0.675M,10.58M,,,10.58M,10.58M,60.32M,,2001-03,0.16,0.00,0.00,0.16,,2001-03,0.00,,0.15,0.15,,2001-03,68.22M,68.87M,0.00,,2001-03,AOR,
2000-12,32.08M,32.08M,,,,13.39M,,,,,,,,,,-64.85M,96.94M,,,,,,,,-92.21M,,,-84.28M,-96.42M,96.94M,,2000-12,-1.30,0.06,,-1.24,,2000-12,,,-1.30,-1.24,,2000-12,68.08M,68.29M,0.29,,2000-12,AOR,Restated
2000-09,60.88M,60.88M,,,2.602M,2.602M,10.52M,0.309M,,,-28.64M,,,,43.84M,28.64M,32.24M,,,,,,,,8.581M,,,8.581M,8.581M,43.07M,,2000-09,0.13,0.00,0.00,0.13,,2000-09,0.00,,0.13,0.13,,2000-09,68.04M,68.22M,0.62,,2000-09,AOR,
2000-06,59.97M,59.97M,,,2.497M,2.497M,10.53M,0.33M,,,-28.68M,,,,44.02M,28.68M,31.29M,,,,,,,,7.512M,,,7.512M,7.512M,42.14M,,2000-06,0.11,0.00,0.00,0.11,,2000-06,0.00,,0.11,0.11,,2000-06,68.03M,68.10M,0.00,,2000-06,AOR,
2000-03,59.10M,59.10M,,,2.288M,2.288M,10.63M,0.405M,,,-28.31M,,,,43.30M,28.31M,30.79M,,,,,,,,6.94M,,,2.733M,11.15M,41.83M,,2000-03,0.10,-0.06,0.00,0.04,,2000-03,-0.0620,-0.0620,0.10,0.04,,2000-03,67.90M,67.91M,0.00,,2000-03,AOR,
1999-12,59.39M,59.39M,,,2.984M,2.984M,,,,,-9.314M,,,,,-6.33M,65.72M,,,,,,,,-11.00M,,,-11.00M,-11.00M,78.28M,,1999-12,-0.16,0.00,,-0.16,,1999-12,,,-0.16,-0.16,,1999-12,67.73M,68.67M,0.00,,1999-12,AOR,
1999-09,59.31M,59.31M,,,1.416M,1.416M,,,,,-23.89M,,,,,-22.47M,81.78M,,,,,,,,13.03M,,,13.03M,13.03M,94.18M,,1999-09,0.19,0.00,,0.19,,1999-09,,,0.19,0.19,,1999-09,68.56M,68.56M,0.00,,1999-09,,
1999-06,57.91M,57.91M,,,4.60M,4.60M,,,,,-19.10M,,,,,-14.50M,72.41M,,,,,,,,20.20M,,,20.20M,20.20M,84.81M,,1999-06,0.30,0.00,,0.30,,1999-06,,,0.30,0.30,,1999-06,67.33M,67.33M,0.00,,1999-06,,
1999-03,56.60M,56.60M,,,2.60M,2.60M,,,-1.30M,,-17.00M,,,,,-14.40M,71.00M,,,,-1.30M,,,,20.30M,,,20.30M,21.08M,83.80M,,1999-03,0.30,0.00,,0.30,,1999-03,,,0.3115,0.30,,1999-03,67.67M,67.67M,0.39,,1999-03,,
