,OperatingRevenue,Revenue,CostofGoodsSold,GrossProfit,GeneralandAdministrativeExpense,SG&AExpense,SpecialIncomeandCharges,ProvisionforDoubtfulAccounts,OperatingInterestExpense,OperatingInterestIncome,NetOperatingInterestIncome,OtherOperatingExpenses,TotalOperatingExpenses,OperatingIncome,Non-OperatingInterestIncome,Non-OperatingInterestExpense,NetNon-OperatingInterestIncomeExpense,OtherIncomeandExpenses,NetInterestIncome,Pre-TaxIncome,ProvisionforIncomeTaxes,IncomefromContinuingOperations,IncomefromDiscontinuedOperations,"ExtraordinaryItems,IncomeStatement",IncomeAttributabletoMinorityInterest,NormalizedIncome,EBITDA,ReconciledDepreciation,EBIT,,EPSBasicfromDiscontinuedOperations,EPSBasicfromExtraordinaries,NormalizedBasicEPS,EPSBasic,,EPSDilutedfromDiscontinuedOperations,EPSDilutedfromExtraordinaries,NormalizedDilutedEPS,SharesData(Quarterly),AverageBasicSharesOutstanding,AverageDilutedSharesOutstanding,DividendPerShare,,SECFilingLinks,AsOriginallyReported,Restated
2020-09,19.42B,19.42B,15.28B,4.142B,3.851B,3.851B,21.00M,,1.327B,,-1.327B,,3.851B,291.00M,,1.327B,-1.327B,-624.00M,-1.327B,-1.66B,-501.00M,-1.16B,-35.00M,,51.00M,-1.124B,1.469B,1.802B,-333.00M,,-0.01,,-0.1317,-0.14,,-0.01,,-0.1317,2020-09,8.756B,8.756B,0.01,,2020-09,AOR,
2020-06,17.75B,17.75B,15.08B,2.667B,3.643B,3.643B,-1.665B,,997.00M,1.955B,958.00M,,3.643B,-976.00M,1.955B,997.00M,958.00M,-2.32B,958.00M,-2.339B,-199.00M,-2.139B,7.00M,,145.00M,-470.52M,256.00M,1.598B,-1.342B,,0.01,,-0.0959,-0.26,,0.01,,-0.0959,2020-06,8.75B,8.75B,0.01,,2020-06,AOR,
2020-03,20.52B,20.52B,15.70B,4.827B,3.701B,3.701B,,,794.00M,,-794.00M,,3.701B,1.126B,,794.00M,-794.00M,6.141B,-794.00M,6.475B,63.00M,6.412B,-178.00M,,-34.00M,6.377B,8.60B,1.331B,7.269B,,-0.02,,0.72,0.70,,-0.02,,0.72,2020-03,8.742B,8.749B,0.01,,2020-03,AOR,
2019-12,26.24B,26.24B,21.61B,4.626B,4.411B,4.411B,-259.00M,,-1.577B,1.089B,2.666B,,4.411B,215.00M,1.089B,-1.577B,2.666B,-1.31B,2.666B,1.571B,727.00M,844.00M,-123.00M,,7.00M,1.040B,1.40B,1.406B,-6.00M,,-0.02,,0.1016,0.06,,-0.02,,0.0916,2019-12,8.733B,8.733B,0.01,,2019-12,AOR,
2019-09,23.36B,23.36B,17.33B,6.032B,4.756B,4.756B,-694.00M,,1.308B,,-1.308B,,4.756B,1.276B,,1.308B,-1.308B,-1.218B,-1.308B,-1.249B,41.00M,-1.29B,-8.093B,,-40.00M,-823.38M,1.559B,1.50B,59.00M,,-0.93,,-0.0920,-1.08,,-0.93,,-0.0920,2019-09,8.73B,8.73B,0.01,,2019-09,AOR,Restated
2019-06,23.41B,23.41B,17.41B,6.001B,4.063B,4.063B,-783.00M,,929.00M,23.00M,-906.00M,,4.063B,1.938B,23.00M,929.00M,-906.00M,-1.33B,-906.00M,-296.00M,-181.00M,-115.00M,219.00M,,23.00M,479.59M,1.96B,1.327B,633.00M,,0.03,,0.0355,-0.01,,0.03,,0.0355,2019-06,8.724B,8.724B,0.01,,2019-06,AOR,Restated
2019-03,22.20B,22.20B,16.21B,5.994B,4.013B,4.013B,,,1.065B,,-1.065B,,4.013B,1.981B,,1.065B,-1.065B,206.00M,-1.065B,1.122B,140.00M,983.00M,2.663B,,-57.00M,925.00M,3.549B,1.362B,2.187B,,0.31,,0.10,0.41,,0.30,,0.10,2019-03,8.711B,8.726B,0.01,,2019-03,AOR,Restated
2018-12,26.50B,26.50B,23.56B,2.944B,4.411B,4.411B,1.071B,,-1.801B,,2.363B,,4.411B,-1.467B,,-1.801B,2.363B,-565.00M,2.363B,331.00M,-367.00M,697.00M,163.00M,,-99.00M,-183.83M,15.00M,1.485B,-1.47B,,-0.01,,-0.0101,0.07,,-0.01,,-0.0101,2018-12,8.682B,8.682B,0.01,,2018-12,AOR,Restated
2018-09,23.39B,23.39B,17.85B,5.545B,4.81B,4.81B,-21.97B,,1.155B,,-1.155B,,4.81B,735.00M,,1.155B,-1.155B,-22.54B,-1.155B,-22.96B,52.00M,-23.01B,155.00M,,90.00M,-994.95M,-20.50B,1.308B,-21.81B,,0.02,,-0.1162,-2.62,,0.02,,-0.1162,2018-09,8.689B,8.689B,0.12,,2018-09,AOR,Restated
2018-06,29.16B,29.16B,21.75B,7.413B,5.015B,5.015B,0.00,,1.291B,,-1.291B,,5.015B,2.398B,,1.291B,-1.291B,130.00M,-1.291B,1.236B,504.00M,732.00M,-63.00M,,132.00M,863.00M,4.442B,1.915B,2.527B,,-0.01,,0.08,0.07,,-0.01,,0.08,2018-06,8.688B,8.699B,0.12,,2018-06,AOR,Restated
2018-03,27.79B,27.79B,20.91B,6.877B,4.718B,4.718B,,,1.282B,,-1.282B,,4.718B,2.159B,,1.282B,-1.282B,-602.00M,-1.282B,277.00M,-50.00M,328.00M,-1.441B,,-34.00M,294.00M,3.433B,1.874B,1.559B,,-0.17,,0.03,-0.14,,-0.17,,0.03,2018-03,8.683B,8.696B,0.12,,2018-03,AOR,Restated
2017-12,12.64B,12.64B,13.21B,-574.00M,,13.24B,-579.00M,,-2.035B,,2.393B,,13.24B,-13.82B,,-2.035B,2.393B,-1.738B,2.393B,-13.16B,-2.115B,-11.05B,178.00M,,53.00M,-10.51B,-14.43B,766.00M,-15.20B,,0.02,,-1.094,-1.13,,0.02,,-1.094,2017-12,8.681B,8.681B,0.12,,2017-12,AOR,Restated
2017-09,30.66B,30.66B,23.67B,6.992B,,4.741B,-947.00M,,1.232B,,-1.232B,,4.741B,2.251B,,1.232B,-1.232B,-271.00M,-1.232B,746.00M,-551.00M,1.297B,-106.00M,,169.00M,2.404B,4.005B,2.027B,1.978B,,-0.01,,0.2683,0.15,,-0.01,,0.2675,2017-09,8.665B,8.732B,0.24,,2017-09,AOR,Restated
2017-06,29.10B,29.10B,21.62B,7.474B,,4.152B,,,1.174B,,-1.174B,,4.152B,3.322B,,1.174B,-1.174B,-1.021B,-1.174B,1.127B,-38.00M,1.164B,-146.00M,,38.00M,1.597B,3.97B,1.669B,2.301B,,-0.02,,0.1655,0.10,,-0.02,,0.165,2017-06,8.671B,8.76B,0.24,,2017-06,AOR,Restated
2017-03,26.88B,26.88B,20.23B,6.65B,,4.287B,,,1.139B,,-1.139B,,4.287B,2.363B,,1.139B,-1.139B,-1.278B,-1.139B,-53.00M,-105.00M,52.00M,-239.00M,,104.00M,536.40M,2.818B,1.732B,1.086B,,-0.03,,0.0537,-0.01,,-0.03,,0.0532,2017-03,8.714B,8.811B,0.24,,2017-03,AOR,Restated
2016-12,32.25B,32.25B,27.73B,4.517B,,3.805B,,,-2.789B,,3.052B,,7.19B,-2.673B,,-2.789B,3.052B,518.00M,3.052B,894.00M,-1.435B,2.33B,0.00,,6.00M,2.754B,1.534B,3.429B,-1.895B,,0.00,,0.4474,0.40,,0.00,,0.4368,2016-12,8.812B,8.917B,0.24,,2016-12,AOR,Restated
2016-09,29.04B,29.04B,20.97B,8.072B,,4.343B,,,961.00M,,-961.00M,-227.00M,4.116B,3.956B,,961.00M,-961.00M,-922.00M,-961.00M,2.074B,18.00M,2.056B,-105.00M,,76.00M,2.809B,6.676B,3.641B,3.035B,,-0.01,,0.3161,0.22,,-0.01,,0.3051,2016-09,8.904B,9.016B,0.23,,2016-09,AOR,Restated
2016-06,30.34B,30.34B,22.38B,7.961B,,4.883B,,,1.326B,,-1.326B,-3.15B,1.733B,6.228B,,1.326B,-1.326B,-1.079B,-1.326B,3.824B,461.00M,3.363B,-541.00M,,86.00M,4.132B,6.445B,1.295B,5.15B,,-0.06,,0.4344,0.30,,-0.06,,0.4343,2016-06,9.179B,9.187B,0.23,,2016-06,AOR,Restated
2016-03,27.84B,27.84B,20.36B,7.475B,,4.608B,,,1.736B,,-1.736B,-9.00M,4.599B,2.876B,,1.736B,-1.736B,-901.00M,-1.736B,238.00M,-177.00M,415.00M,-308.00M,,121.00M,921.20M,3.184B,1.21B,1.974B,,-0.03,,0.0715,-0.01,,-0.03,,0.0711,2016-03,9.288B,9.383B,0.23,,2016-03,AOR,Restated
2015-12,32.76B,32.76B,25.88B,6.872B,,4.773B,,,-1.066B,,1.066B,-1.135B,3.638B,3.234B,,-1.066B,1.066B,-2.398B,1.066B,1.903B,-742.00M,2.645B,3.758B,,-103.00M,2.941B,2.13B,1.293B,837.00M,,0.38,,0.3018,0.64,,0.38,,0.3006,2015-12,9.521B,9.809B,0.23,,2015-12,AOR,Restated
2015-09,27.86B,27.86B,19.86B,8.004B,,4.258B,,,897.00M,,-897.00M,-169.00M,4.089B,3.915B,,897.00M,-897.00M,-968.00M,-897.00M,2.05B,135.00M,1.915B,629.00M,,-39.00M,2.506B,6.501B,3.554B,2.947B,,0.05,,0.2522,0.25,,0.05,,0.2518,2015-09,10.10B,10.17B,0.23,,2015-09,AOR,Restated
2015-06,28.45B,28.45B,20.57B,7.874B,,4.385B,,,713.00M,,-713.00M,-780.00M,3.605B,4.269B,,713.00M,-713.00M,-944.00M,-713.00M,2.612B,799.00M,1.813B,-2.947B,,-225.00M,2.043B,4.513B,1.188B,3.325B,,-0.30,,0.2152,-0.13,,-0.30,,0.2149,2015-06,10.09B,10.16B,0.23,,2015-06,AOR,Restated
2015-03,26.10B,26.10B,18.68B,7.415B,,4.415B,,,618.00M,,-618.00M,-142.00M,4.273B,3.142B,,618.00M,-618.00M,-904.00M,-618.00M,1.621B,6.294B,-4.673B,-8.936B,,35.00M,-4.269B,3.34B,1.101B,2.239B,,-0.90,,-0.4135,-1.35,,-0.90,,-0.4135,2015-03,10.07B,10.07B,0.23,,2015-03,AOR,Restated
2014-12,22.60B,22.60B,27.07B,-4.471B,,,,,-2.89B,,2.89B,14.00M,14.17B,-18.64B,,-2.89B,2.89B,17.04B,2.89B,1.288B,-261.00M,1.549B,3.79B,,-187.00M,1.746B,-469.00M,1.133B,-1.602B,,-0.02,,0.5681,0.51,,-0.02,,0.5579,2014-12,10.05B,10.13B,0.23,,2014-12,AOR,Restated
2014-09,31.85B,31.85B,19.74B,12.11B,,,,858.00M,1.325B,,-1.325B,-258.00M,600.00M,11.51B,,1.325B,-1.325B,-6.98B,-1.325B,3.204B,401.00M,2.803B,706.00M,,28.00M,3.410B,5.954B,1.425B,4.529B,,0.07,,0.3377,0.35,,0.07,,0.3372,2014-09,10.04B,10.12B,0.22,,2014-09,AOR,Restated
2014-06,31.92B,31.92B,20.01B,11.92B,,,,948.00M,1.299B,,-1.299B,-338.00M,610.00M,11.31B,,1.299B,-1.299B,-6.931B,-1.299B,3.076B,192.00M,2.884B,661.00M,,0.00,3.501B,4.581B,206.00M,4.375B,,0.07,,0.3515,0.35,,0.07,,0.3410,2014-06,10.03B,10.11B,0.22,,2014-06,AOR,Restated
2014-03,33.35B,33.35B,18.52B,14.83B,,,,984.00M,2.141B,,-2.141B,-196.00M,788.00M,14.04B,,2.141B,-2.141B,-8.582B,-2.141B,3.319B,619.00M,2.70B,252.00M,,47.00M,3.251B,7.649B,2.189B,5.46B,,0.03,,0.3202,0.30,,0.02,,0.3198,2014-03,10.04B,10.12B,0.22,,2014-03,AOR,Restated
2013-12,6.556B,6.556B,26.60B,-20.04B,,,,,-6.799B,,6.799B,-1.025B,13.66B,-33.71B,,-6.799B,6.799B,24.52B,6.799B,-2.392B,53.00M,-2.445B,5.81B,,-158.00M,-2.189B,-9.191B,-1.95B,-9.191B,,-0.07,,0.5298,0.42,,-0.08,,0.5296,2013-12,10.44B,10.49B,0.22,,2013-12,AOR,Restated
2013-09,35.30B,35.30B,19.46B,15.84B,,,,789.00M,2.445B,,-2.445B,-363.00M,426.00M,15.42B,,2.445B,-2.445B,-9.352B,-2.445B,3.62B,348.00M,3.272B,-91.00M,,10.00M,3.889B,8.642B,2.577B,6.065B,,-0.03,,0.3792,0.31,,-0.03,,0.3788,2013-09,10.26B,10.33B,0.19,,2013-09,AOR,Restated
2013-06,34.96B,34.96B,18.49B,16.46B,,,,1.01B,2.60B,,-2.60B,-104.00M,906.00M,15.56B,,2.60B,-2.60B,-9.225B,-2.60B,3.733B,310.00M,3.423B,-124.00M,,-166.00M,3.887B,8.599B,2.266B,6.333B,,-0.01,,0.3814,0.30,,-0.01,,0.3710,2013-06,10.26B,10.33B,0.19,,2013-06,AOR,Restated
2013-03,33.33B,33.33B,17.32B,16.01B,,,,1.457B,2.603B,,-2.603B,-1.615B,-158.00M,16.17B,,2.603B,-2.603B,-9.429B,-2.603B,4.139B,508.00M,3.631B,-120.00M,,16.00M,4.228B,9.051B,2.309B,6.742B,,-0.01,,0.4060,0.34,,-0.01,,0.4057,2013-03,10.37B,10.43B,0.19,,2013-03,AOR,Restated
2012-12,38.13B,38.13B,30.33B,7.798B,,,,1.104B,-8.71B,,8.71B,-826.00M,278.00M,7.52B,,-8.71B,8.71B,-10.99B,8.71B,5.236B,816.00M,4.42B,-274.00M,,-135.00M,4.878B,-981.00M,2.493B,-3.474B,,-0.03,,0.4668,0.38,,-0.03,,0.4665,2012-12,10.44B,10.49B,0.19,,2012-12,AOR,Restated
2012-09,35.47B,35.47B,18.51B,16.96B,,,,1.122B,2.972B,,-2.972B,-787.00M,335.00M,16.62B,,2.972B,-2.972B,-9.627B,-2.972B,4.024B,557.00M,3.467B,41.00M,,-17.00M,4.102B,9.283B,2.287B,6.996B,,0.00,,0.3919,0.33,,0.00,,0.3917,2012-09,10.52B,10.57B,0.17,,2012-09,AOR,Restated
2012-06,36.00B,36.00B,19.20B,16.80B,,,,743.00M,3.202B,,-3.202B,-393.00M,350.00M,16.46B,,3.202B,-3.202B,-9.066B,-3.202B,4.187B,496.00M,3.691B,-553.00M,,-33.00M,4.242B,9.581B,2.192B,7.389B,,-0.05,,0.4052,0.29,,-0.05,,0.3950,2012-06,10.57B,10.61B,0.17,,2012-06,AOR,Restated
2012-03,34.52B,34.52B,17.87B,16.65B,,,,863.00M,3.347B,,-3.347B,,863.00M,15.79B,,3.347B,-3.347B,-8.51B,-3.347B,3.934B,665.00M,3.269B,-197.00M,,-38.00M,3.843B,9.501B,2.22B,7.281B,,-0.02,,0.3579,0.29,,-0.02,,0.3577,2012-03,10.58B,10.61B,0.17,,2012-03,AOR,Restated
2011-12,36.97B,32.16B,31.15B,1.017B,,,,1.037B,-10.64B,,10.64B,,-27.46B,28.48B,,-10.64B,10.64B,,10.64B,4.422B,474.00M,3.948B,-135.00M,,-83.00M,3.865B,-4.171B,2.042B,-6.213B,,-0.02,,0.37,0.35,,-0.02,,0.37,2011-12,10.58B,10.60B,0.17,,2011-12,AOR,Restated
2011-09,34.81B,35.36B,16.76B,18.60B,10.15B,10.15B,,961.00M,3.731B,,-3.731B,,11.11B,7.498B,,3.731B,-3.731B,,-3.731B,3.767B,437.00M,3.33B,-65.00M,,-41.00M,3.289B,9.848B,2.35B,7.498B,,0.00,,0.22,0.22,,0.00,,0.22,2011-09,10.58B,10.61B,0.15,,2011-09,AOR,Restated
2011-06,35.00B,35.62B,17.42B,18.21B,9.108B,9.108B,,792.00M,3.77B,,-3.77B,,9.90B,8.306B,,3.77B,-3.77B,,-3.77B,4.536B,892.00M,3.644B,194.00M,,-74.00M,3.57B,10.61B,2.302B,8.306B,,0.02,,0.33,0.35,,0.02,,0.33,2011-06,10.60B,10.64B,0.15,,2011-06,AOR,Restated
2011-03,34.70B,38.33B,16.72B,21.61B,9.243B,9.243B,,1.14B,3.796B,,-3.796B,,10.38B,11.23B,,3.796B,-3.796B,,-3.796B,7.434B,3.942B,3.492B,35.00M,,-94.00M,3.398B,13.52B,2.292B,11.23B,,0.01,,0.31,0.32,,0.00,,0.31,2011-03,10.61B,10.64B,0.14,,2011-03,AOR,Restated
2010-12,40.86B,40.05B,34.89B,5.159B,,,,1.261B,-10.66B,,10.66B,,-27.72B,32.87B,,-10.66B,10.66B,,10.66B,3.642B,-585.00M,4.227B,537.00M,,-229.00M,3.998B,-4.683B,2.337B,-7.02B,,0.06,,0.36,0.42,,0.06,,0.36,2010-12,10.63B,10.70B,0.14,,2010-12,AOR,Restated
2010-09,35.19B,35.37B,16.63B,18.75B,9.704B,9.704B,,1.637B,3.822B,,-3.822B,,11.34B,7.405B,,3.822B,-3.822B,,-3.822B,3.583B,319.00M,3.264B,-1.052B,,-157.00M,3.107B,10.02B,2.611B,7.405B,,-0.10,,0.28,0.18,,-0.10,,0.28,2010-09,10.67B,10.67B,0.12,,2010-09,AOR,Restated
2010-06,36.65B,36.93B,17.20B,19.73B,9.608B,9.608B,,2.007B,3.946B,,-3.946B,,11.62B,8.118B,,3.946B,-3.946B,,-3.946B,4.172B,866.00M,3.306B,-101.00M,,-96.00M,3.21B,10.49B,2.373B,8.118B,,-0.01,,0.29,0.28,,-0.01,,0.29,2010-06,10.68B,10.70B,0.10,,2010-06,AOR,Restated
2010-03,35.85B,36.20B,17.51B,18.69B,9.675B,9.675B,,2.187B,4.023B,,-4.023B,,11.86B,6.83B,,4.023B,-4.023B,,-4.023B,2.807B,443.00M,2.364B,-366.00M,,-53.00M,2.311B,9.295B,2.465B,6.83B,,-0.04,,0.21,0.17,,-0.04,,0.21,2010-03,10.67B,10.67B,0.10,,2010-03,AOR,Restated
2009-12,39.83B,39.93B,20.50B,19.43B,10.54B,10.54B,,2.606B,4.007B,,-4.007B,,13.15B,6.279B,,4.007B,-4.007B,,-4.007B,2.272B,-582.00M,2.854B,257.00M,,-98.00M,2.756B,9.005B,2.726B,6.279B,,0.03,,0.25,0.28,,0.03,,0.25,2009-12,10.65B,10.66B,0.10,,2009-12,AOR,Restated
2009-09,37.36B,37.80B,18.55B,19.25B,10.09B,10.09B,,2.868B,4.322B,,-4.322B,,12.95B,6.297B,,4.322B,-4.322B,,-4.322B,1.975B,-484.00M,2.459B,40.00M,,-5.00M,2.454B,8.955B,2.658B,6.297B,,0.01,,0.22,0.23,,0.01,,0.22,2009-09,10.64B,10.64B,0.10,,2009-09,AOR,Restated
2009-06,39.07B,39.11B,18.80B,20.30B,9.712B,9.712B,,2.817B,4.653B,,-4.653B,,12.53B,7.775B,,4.653B,-4.653B,,-4.653B,3.122B,227.00M,2.895B,-194.00M,,-12.00M,2.883B,10.28B,2.504B,7.775B,,-0.01,,0.26,0.25,,-0.01,,0.26,2009-06,10.61B,10.61B,0.10,,2009-06,AOR,Restated
2009-03,38.01B,38.44B,18.07B,20.37B,10.08B,10.08B,,2.336B,5.327B,,-5.327B,,12.42B,7.953B,,5.327B,-5.327B,,-5.327B,2.626B,-309.00M,2.935B,-21.00M,,-85.00M,2.85B,10.68B,2.731B,7.953B,,0.00,,0.26,0.26,,0.00,,0.26,2009-03,10.56B,10.56B,0.31,,2009-03,AOR,Restated
2008-12,45.39B,45.28B,22.91B,22.37B,11.32B,11.32B,,2.78B,5.655B,,-5.655B,,14.10B,8.267B,,5.655B,-5.655B,,-5.655B,2.612B,-1.332B,3.944B,-83.00M,,-139.00M,3.805B,11.53B,3.265B,8.267B,,-0.06,,0.41,0.35,,-0.06,,0.41,2008-12,10.42B,10.42B,0.31,,2008-12,AOR,Restated
2008-09,46.69B,47.23B,22.14B,25.10B,11.33B,11.33B,,1.641B,6.955B,,-6.955B,,12.97B,12.13B,,6.955B,-6.955B,,-6.955B,5.172B,539.00M,4.633B,-165.00M,,-156.00M,4.477B,14.99B,2.861B,12.13B,,0.00,,0.43,0.43,,0.00,,0.43,2008-09,9.953B,9.97B,0.31,,2008-09,AOR,Restated
2008-06,46.27B,46.84B,20.73B,26.11B,11.39B,11.39B,,1.469B,6.621B,,-6.621B,,12.86B,13.25B,,6.621B,-6.621B,,-6.621B,6.632B,1.054B,5.578B,-322.00M,,-184.00M,5.394B,15.93B,2.673B,13.25B,,0.00,,0.51,0.51,,0.00,,0.51,2008-06,9.958B,9.958B,0.31,,2008-06,AOR,Restated
2008-03,41.65B,42.23B,17.99B,24.24B,11.01B,11.01B,,1.343B,6.527B,,-6.527B,,12.35B,11.88B,,6.527B,-6.527B,,-6.527B,5.354B,841.00M,4.513B,-47.00M,,-162.00M,4.351B,14.56B,2.682B,11.88B,,-0.01,,0.44,0.43,,-0.01,,0.43,2008-03,9.978B,10.01B,0.31,,2008-03,AOR,Restated
2007-12,50.85B,48.53B,21.51B,27.02B,11.31B,11.31B,,1.299B,6.483B,,-6.483B,,12.61B,14.41B,,6.483B,-6.483B,,-6.483B,8.564B,821.00M,7.743B,-131.00M,,,6.827B,17.89B,2.844B,15.05B,,-0.01,,0.68,0.66,,-0.01,,0.68,2007-12,10.04B,10.07B,0.31,,2007-12,AOR,Restated
2007-09,42.13B,42.51B,18.26B,24.25B,11.05B,11.05B,-190.00M,1.19B,6.07B,,-6.07B,,12.24B,12.01B,,6.07B,-6.07B,-190.00M,-6.07B,5.751B,640.00M,5.111B,448.00M,,,5.280B,14.40B,2.58B,11.82B,,0.05,,0.5166,0.55,,0.04,,0.5165,2007-09,10.18B,10.22B,0.28,,2007-09,AOR,Restated
2007-06,40.96B,42.38B,17.51B,24.88B,10.89B,10.89B,-221.00M,1.057B,5.645B,,-5.645B,,11.94B,12.93B,,5.645B,-5.645B,-221.00M,-5.645B,7.066B,1.453B,5.613B,-231.00M,,,5.789B,15.12B,2.411B,12.71B,,-0.03,,0.5671,0.52,,-0.03,,0.5570,2007-06,10.27B,10.30B,0.28,,2007-06,AOR,Restated
2007-03,38.69B,39.20B,15.85B,23.35B,10.46B,10.46B,-223.00M,936.00M,5.578B,,-5.578B,,11.39B,11.96B,,5.578B,-5.578B,-223.00M,-5.578B,6.16B,1.232B,4.928B,-357.00M,,,5.106B,14.18B,2.44B,11.74B,,-0.04,,0.4973,0.44,,-0.04,,0.4973,2007-03,10.28B,10.32B,0.28,,2007-03,AOR,Restated
2006-12,40.54B,41.03B,17.81B,23.22B,9.99B,9.99B,-227.00M,862.00M,5.153B,,-5.153B,,10.85B,12.37B,,5.153B,-5.153B,-227.00M,-5.153B,6.99B,1.064B,5.926B,532.00M,,,6.118B,14.44B,2.298B,12.14B,,0.04,,0.5987,0.62,,0.04,,0.5886,2006-12,10.30B,10.33B,0.28,,2006-12,AOR,Restated
2006-09,37.31B,37.87B,16.62B,21.26B,9.613B,9.613B,-198.00M,793.00M,5.03B,,-5.03B,,10.41B,10.85B,,5.03B,-5.03B,-198.00M,-5.03B,5.624B,875.00M,4.749B,117.00M,,,4.916B,12.76B,2.108B,10.65B,,0.01,,0.4762,0.47,,0.01,,0.4762,2006-09,10.32B,10.35B,0.25,,2006-09,AOR,Restated
2006-06,37.10B,37.74B,16.32B,21.42B,9.967B,9.967B,-216.00M,896.00M,4.48B,,-4.48B,,10.86B,10.56B,,4.48B,-4.48B,-216.00M,-4.48B,5.864B,1.063B,4.801B,145.00M,,,4.978B,12.26B,1.919B,10.34B,,0.02,,0.4771,0.48,,0.02,,0.4770,2006-06,10.36B,10.40B,0.25,,2006-06,AOR,Restated
2006-03,37.58B,38.03B,17.66B,20.37B,9.786B,9.786B,-238.00M,822.00M,4.348B,,-4.348B,,10.61B,9.76B,,4.348B,-4.348B,-238.00M,-4.348B,5.174B,997.00M,4.177B,263.00M,,,4.369B,11.65B,2.132B,9.522B,,0.00,,0.4484,0.43,,0.00,,0.4384,2006-03,10.44B,10.44B,0.25,,2006-03,AOR,Restated
2005-12,28.91B,29.32B,11.64B,17.68B,7.814B,7.814B,-180.00M,284.00M,3.639B,,-3.639B,,8.098B,9.58B,,3.639B,-3.639B,-180.00M,-3.639B,5.761B,935.00M,4.826B,-1.395B,,,4.977B,10.76B,1.358B,9.40B,,-0.13,,0.4744,0.33,,-0.14,,0.4743,2005-12,10.51B,10.54B,0.25,,2005-12,AOR,Restated
2005-09,36.02B,36.37B,16.00B,20.37B,9.623B,9.623B,-230.00M,1.095B,3.715B,,-3.715B,,10.72B,9.649B,,3.715B,-3.715B,-230.00M,-3.715B,5.704B,1.112B,4.592B,85.00M,,,4.777B,11.64B,2.217B,9.419B,,0.01,,0.4475,0.44,,0.01,,0.4474,2005-09,10.58B,10.62B,0.22,,2005-09,AOR,Restated
2005-06,35.94B,36.54B,16.60B,19.94B,9.54B,9.54B,-290.00M,958.00M,3.786B,,-3.786B,,10.50B,9.445B,,3.786B,-3.786B,-290.00M,-3.786B,5.369B,993.00M,4.376B,271.00M,,,4.612B,11.14B,1.986B,9.155B,,0.03,,0.4323,0.44,,0.03,,0.4322,2005-06,10.60B,10.65B,0.22,,2005-06,AOR,Restated
2005-03,34.03B,34.35B,15.54B,18.81B,9.675B,9.675B,-216.00M,902.00M,3.671B,,-3.671B,,10.58B,8.231B,,3.671B,-3.671B,-216.00M,-3.671B,4.344B,784.00M,3.56B,405.00M,,,3.737B,10.30B,2.28B,8.015B,,0.03,,0.3567,0.37,,0.03,,0.3467,2005-03,10.60B,10.60B,0.22,,2005-03,AOR,Restated
2004-12,25.17B,25.58B,18.09B,7.493B,-3.147B,-3.147B,-189.00M,1.144B,3.016B,,-3.016B,,-2.003B,9.496B,,3.016B,-3.016B,-189.00M,-3.016B,6.291B,878.00M,5.413B,,,,5.576B,11.50B,2.19B,9.307B,,0.05,,0.5354,0.57,,0.05,,0.5254,2004-12,10.54B,10.59B,0.22,,2004-12,AOR,Restated
2004-09,38.15B,38.34B,15.93B,22.41B,13.26B,13.26B,-269.00M,785.00M,2.974B,,-2.974B,,14.04B,8.365B,,2.974B,-2.974B,-269.00M,-2.974B,5.122B,1.051B,4.071B,,,,4.285B,10.20B,2.104B,8.096B,,0.00,,0.4102,0.39,,0.00,,0.4002,2004-09,10.57B,10.61B,0.20,,2004-09,AOR,Restated
2004-06,36.46B,36.78B,15.12B,21.66B,13.23B,13.23B,-186.00M,1.004B,2.784B,,-2.784B,,14.23B,7.423B,,2.784B,-2.784B,-186.00M,-2.784B,4.453B,702.00M,3.751B,,,,3.908B,9.294B,2.057B,7.237B,,0.00,,0.3751,0.36,,0.00,,0.3750,2004-06,10.39B,10.43B,0.20,,2004-06,AOR,Restated
2004-03,33.46B,33.59B,12.62B,20.97B,12.66B,12.66B,-83.00M,955.00M,2.843B,,-2.843B,,13.62B,7.357B,,2.843B,-2.843B,-83.00M,-2.843B,4.431B,1.065B,3.366B,,,,3.429B,9.271B,1.997B,7.274B,,0.00,,0.3362,0.33,,0.00,,0.3362,2004-03,10.14B,10.19B,0.20,,2004-03,AOR,Restated
2003-12,15.47B,15.66B,15.21B,452.00M,-6.28B,-6.28B,-89.00M,953.00M,2.458B,,-2.458B,,-5.327B,5.779B,,2.458B,-2.458B,-89.00M,-2.458B,3.232B,495.00M,2.737B,,0.00,,2.812B,7.43B,1.74B,5.69B,,0.15,0.00,0.3375,0.48,,0.14,0.0001,0.3375,2003-12,10.06B,10.10B,0.20,,2003-12,AOR,Restated
2003-09,33.19B,33.39B,12.29B,21.10B,12.12B,12.12B,-77.00M,1.061B,2.723B,,-2.723B,,13.18B,7.92B,,2.723B,-2.723B,-77.00M,-2.723B,5.12B,1.099B,4.021B,,-372.00M,,4.081B,9.584B,1.741B,7.843B,,0.00,0.00,0.3660,0.36,,0.00,-0.0371,0.3660,2003-09,10.03B,10.08B,0.19,,2003-09,AOR,Restated
2003-06,33.22B,33.37B,12.42B,20.95B,12.20B,12.20B,-72.00M,978.00M,2.683B,,-2.683B,,13.18B,7.765B,,2.683B,-2.683B,-72.00M,-2.683B,5.01B,1.216B,3.794B,,0.00,,3.849B,9.411B,1.718B,7.693B,,0.00,0.00,0.3854,0.38,,0.00,0.00,0.3854,2003-06,10.01B,10.07B,0.19,,2003-06,AOR,Restated
2003-03,30.40B,30.46B,11.28B,19.18B,11.50B,11.50B,-70.00M,760.00M,2.596B,,-2.596B,,12.26B,6.915B,,2.596B,-2.596B,-70.00M,-2.596B,4.249B,1.035B,3.214B,,-215.00M,,3.267B,8.51B,1.665B,6.845B,,0.00,0.00,0.3053,0.30,,0.00,-0.0215,0.3053,2003-03,9.983B,10.04B,0.19,,2003-03,AOR,Restated
2002-12,35.10B,35.51B,14.40B,21.11B,14.40B,14.40B,-76.00M,997.00M,2.626B,,-2.626B,,15.39B,5.715B,,2.626B,-2.626B,-76.00M,-2.626B,3.013B,-89.00M,3.102B,,0.00,,3.148B,7.483B,1.844B,5.639B,,0.00,0.00,0.3146,0.31,,0.00,0.0001,0.3145,2002-12,9.965B,10.03B,0.19,,2002-12,AOR,Restated
2002-09,32.26B,32.72B,12.24B,20.48B,11.72B,11.72B,-84.00M,640.00M,2.773B,,-2.773B,,12.36B,8.121B,,2.773B,-2.773B,-84.00M,-2.773B,5.264B,1.177B,4.087B,,0.00,,4.152B,9.731B,1.694B,8.037B,,0.00,0.00,0.4166,0.41,,0.00,0.00,0.4165,2002-09,9.951B,10.02B,0.18,,2002-09,AOR,Restated
2002-06,33.25B,33.33B,13.86B,19.47B,10.54B,10.54B,-90.00M,785.00M,2.443B,,-2.443B,,11.33B,8.14B,,2.443B,-2.443B,-90.00M,-2.443B,5.607B,1.181B,4.426B,,0.00,,4.497B,9.72B,1.67B,8.05B,,0.00,0.00,0.4571,0.45,,0.00,0.00,0.4471,2002-06,9.942B,10.03B,0.18,,2002-06,AOR,Restated
2002-03,30.47B,30.52B,12.35B,18.17B,10.06B,10.06B,-76.00M,662.00M,2.374B,,-2.374B,,10.72B,7.457B,,2.374B,-2.374B,-76.00M,-2.374B,5.007B,1.489B,3.518B,,-1.015B,,3.571B,8.684B,1.303B,7.381B,,0.00,0.00,0.2554,0.25,,0.00,-0.1022,0.2553,2002-03,9.931B,10.03B,0.18,,2002-03,AOR,Restated
2001-12,34.47B,34.48B,12.85B,21.62B,12.62B,12.62B,-86.00M,935.00M,2.639B,,-2.639B,,13.55B,8.072B,,2.639B,-2.639B,-86.00M,-2.639B,5.347B,1.414B,3.933B,,0.00,,3.996B,10.21B,2.22B,7.986B,,0.00,0.00,0.4064,0.40,,0.00,-0.0000,0.4063,2001-12,9.923B,10.03B,0.18,,2001-12,AOR,Restated
2001-09,29.45B,29.47B,11.74B,17.73B,10.06B,10.06B,-59.00M,567.00M,2.64B,,-2.64B,,10.62B,7.103B,,2.64B,-2.64B,-59.00M,-2.64B,4.404B,1.123B,3.281B,,0.00,,3.325B,8.802B,1.758B,7.044B,,0.00,0.00,0.3344,0.33,,0.00,0.00,0.3344,2001-09,9.933B,10.04B,0.16,,2001-09,AOR,Restated
2001-06,31.82B,31.98B,12.71B,19.27B,10.47B,10.47B,-101.00M,496.00M,2.707B,,-2.707B,,10.96B,8.304B,,2.707B,-2.707B,-101.00M,-2.707B,5.496B,1.599B,3.897B,,0.00,,3.969B,9.789B,1.586B,8.203B,,0.00,0.00,0.3972,0.39,,0.00,0.00,0.3971,2001-06,9.936B,10.06B,0.16,,2001-06,AOR,Restated
2001-03,30.43B,30.49B,11.79B,18.70B,10.58B,10.58B,-102.00M,483.00M,3.076B,,-3.076B,,11.07B,7.632B,,3.076B,-3.076B,-102.00M,-3.076B,4.454B,1.437B,3.017B,,-444.00M,,3.086B,9.091B,1.561B,7.53B,,0.00,0.00,0.2670,0.26,,0.00,-0.0447,0.2669,2001-03,9.934B,10.07B,0.16,,2001-03,AOR,Restated
2000-12,34.86B,34.98B,13.70B,21.28B,12.45B,12.45B,-122.00M,640.00M,3.065B,,-3.065B,,13.09B,8.195B,,3.065B,-3.065B,-122.00M,-3.065B,5.008B,1.423B,3.585B,,0.00,,3.672B,8.774B,701.00M,8.073B,,0.00,0.00,0.3688,0.36,,0.00,0.00,0.3687,2000-12,9.924B,10.08B,0.16,,2000-12,AOR,Restated
2000-09,31.90B,32.01B,13.06B,18.96B,10.99B,10.99B,-110.00M,463.00M,2.859B,,-2.859B,,11.46B,7.499B,,2.859B,-2.859B,-110.00M,-2.859B,4.53B,1.35B,3.18B,,0.00,,3.257B,9.222B,1.833B,7.389B,,0.00,0.00,0.3278,0.32,,0.00,0.00,0.3277,2000-09,9.906B,10.07B,0.1367,,2000-09,AOR,Restated
2000-06,32.73B,32.86B,13.21B,19.66B,11.22B,11.22B,-97.00M,421.00M,3.014B,,-3.014B,,11.64B,8.01B,,3.014B,-3.014B,-97.00M,-3.014B,4.899B,1.521B,3.378B,,0.00,,3.445B,9.811B,1.898B,7.913B,,0.00,0.00,0.3468,0.34,,0.00,0.00,0.3467,2000-06,9.892B,10.06B,0.1367,,2000-06,AOR,Restated
2000-03,29.92B,30.00B,11.86B,18.14B,10.73B,10.73B,-98.00M,521.00M,2.782B,,-2.782B,,11.25B,6.889B,,2.782B,-2.782B,-98.00M,-2.782B,4.009B,1.417B,2.592B,,0.00,,2.655B,8.744B,1.953B,6.791B,,0.00,0.00,0.2664,0.26,,0.00,0.00,0.2663,2000-03,9.87B,10.03B,0.1367,,2000-03,AOR,Restated
1999-12,32.45B,32.86B,14.04B,18.82B,10.78B,10.78B,-111.00M,623.00M,2.891B,,-2.891B,,11.40B,7.417B,,2.891B,-2.891B,-111.00M,-2.891B,4.415B,1.326B,3.089B,,,,3.167B,9.14B,1.834B,7.306B,,0.00,,0.3179,0.31,,0.00,,0.3178,1999-12,9.848B,10.01B,0.1367,,1999-12,,Restated
1999-09,27.11B,27.20B,11.20B,16.00B,9.411B,9.411B,-92.00M,227.00M,2.455B,,-2.455B,,9.638B,6.365B,,2.455B,-2.455B,-92.00M,-2.455B,3.818B,1.165B,2.653B,,,,2.717B,7.948B,1.675B,6.273B,,0.00,,0.2765,0.27,,0.00,,0.2764,1999-09,9.839B,9.999B,0.1167,,1999-09,,Restated
1999-06,27.20B,27.41B,11.16B,16.25B,9.199B,9.199B,-108.00M,442.00M,2.404B,,-2.404B,,9.641B,6.612B,,2.404B,-2.404B,-108.00M,-2.404B,4.10B,1.28B,2.82B,,,,2.894B,8.173B,1.669B,6.504B,,0.00,,0.2976,0.29,,0.00,,0.2874,1999-06,9.83B,9.992B,0.1167,,1999-06,,Restated
1999-03,24.06B,24.06B,9.567B,14.50B,2.619B,2.619B,,379.00M,2.263B,,-2.263B,-103.00M,2.895B,11.60B,,2.263B,-2.263B,-6.093B,-2.263B,3.244B,1.089B,2.155B,,,,2.155B,7.02B,1.513B,5.507B,,,,0.22,0.22,,,,0.22,1999-03,9.817B,9.982B,0.1167,,1999-03,,Restated
1998-12,28.46B,29.10B,15.31B,13.80B,,8.439B,-732.00M,,,,,,6.807B,6.99B,,,,-732.00M,,3.629B,958.00M,2.671B,,,,3.210B,9.35B,2.625B,6.725B,,0.00,,0.3239,0.27,,0.00,,0.3239,1998-12,10.00B,10.00B,0.1167,,1998-12,,Restated
1998-09,23.98B,23.98B,8.907B,15.07B,,8.249B,158.00M,,,,,,9.401B,5.67B,,,,158.00M,,3.399B,1.115B,2.284B,,,-68.00M,2.178B,6.822B,1.152B,5.67B,,0.00,,0.2193,0.23,,0.00,,0.2193,1998-09,9.930B,9.930B,0.10,,1998-09,,
1998-06,24.93B,24.93B,9.678B,15.25B,,8.425B,142.00M,,,,,,9.431B,5.819B,,,,142.00M,,3.534B,1.084B,2.45B,,,-61.00M,2.352B,6.825B,660.00M,5.819B,,0.00,,0.2400,0.25,,0.00,,0.2400,1998-06,9.80B,9.80B,0.10,,1998-06,,
