,OperatingRevenue,Revenue,CostofGoodsSold,GrossProfit,SalesandMarketingExpense,GeneralandAdministrativeExpense,SG&AExpense,SpecialIncomeandCharges,OperatingInterestExpense,NetOperatingInterestIncome,OtherOperatingExpenses,TotalOperatingExpenses,OperatingIncome,Non-OperatingInterestExpense,NetNon-OperatingInterestIncomeExpense,OtherIncomeandExpenses,NetInterestIncome,Pre-TaxIncome,ProvisionforIncomeTaxes,IncomefromContinuingOperations,IncomefromDiscontinuedOperations,"ExtraordinaryItems,IncomeStatement",IncomeAttributabletoMinorityInterest,PreferredStockDividend,NetIncome,ReconciledDepreciation,EBIT,,BasicEPS(Quarterly),EPSBasicfromContinuingOperations,NormalizedBasicEPS,EPSBasic,,DilutedEPS(Quarterly),EPSDilutedfromContinuingOperations,NormalizedDilutedEPS,EPSDiluted,,AverageDilutedSharesOutstanding,DividendPerShare,,SECFilingLinks,AsOriginallyReported,Restated
2020-09,1.159B,1.159B,1.081B,78.00M,,84.00M,84.00M,0.00,118.00M,-118.00M,71.00M,155.00M,-77.00M,118.00M,-118.00M,17.00M,-118.00M,-178.00M,5.00M,-183.00M,,,-60.00M,,-243.00M,518.00M,-60.00M,,2020-09,-0.80,-0.80,-0.80,,2020-09,-0.80,-0.80,-0.80,,305.00M,0.25,,2020-09,AOR,
2020-06,609.00M,833.00M,875.00M,-42.00M,,89.00M,89.00M,8.00M,119.00M,-119.00M,31.00M,120.00M,-162.00M,119.00M,-119.00M,9.00M,-119.00M,-272.00M,-9.00M,-263.00M,,,-57.00M,,-320.00M,509.00M,-153.00M,,2020-06,-1.05,-1.075,-1.05,,2020-06,-1.05,-1.075,-1.05,,305.00M,0.25,,2020-06,AOR,
2020-03,1.287B,1.354B,1.284B,70.00M,,102.00M,102.00M,-2.126B,113.00M,-113.00M,189.00M,291.00M,-221.00M,113.00M,-113.00M,-2.111B,-113.00M,-2.445B,-79.00M,-2.366B,,,-67.00M,,-2.433B,561.00M,-2.332B,,2020-03,-8.00,-1.233,-8.00,,2020-03,-8.00,-1.233,-8.00,,304.00M,0.25,,2020-03,AOR,
2019-12,1.683B,1.683B,1.431B,252.00M,,131.00M,131.00M,0.00,95.00M,-95.00M,106.00M,237.00M,15.00M,95.00M,-95.00M,16.00M,-95.00M,-64.00M,119.00M,-183.00M,,,-39.00M,0.00,-222.00M,586.00M,31.00M,,2019-12,-0.7280,-0.7280,-0.7280,,2019-12,-0.73,-0.73,-0.73,,302.70M,0.25,,2019-12,AOR,
2019-09,1.58B,1.58B,1.335B,245.00M,,90.00M,90.00M,0.00,90.00M,-90.00M,50.00M,140.00M,105.00M,90.00M,-90.00M,-65.00M,-90.00M,-50.00M,116.00M,-166.00M,,,-46.00M,,-212.00M,544.00M,40.00M,,2019-09,-0.70,-0.70,-0.70,,2019-09,-0.70,-0.70,-0.70,,302.50M,0.25,,2019-09,AOR,Restated
2019-06,1.671B,1.66B,1.302B,358.00M,,89.00M,89.00M,22.00M,97.00M,-97.00M,43.00M,132.00M,226.00M,97.00M,-97.00M,37.00M,-97.00M,166.00M,132.00M,34.00M,,,-40.00M,,-6.00M,494.00M,263.00M,,2019-06,-0.02,-0.0731,-0.02,,2019-06,-0.02,-0.0731,-0.02,,302.20M,0.25,,2019-06,AOR,Restated
2019-03,1.557B,1.572B,1.211B,361.00M,,87.00M,87.00M,0.00,98.00M,-98.00M,34.00M,121.00M,240.00M,98.00M,-98.00M,27.00M,-98.00M,169.00M,94.00M,75.00M,,,-43.00M,4.00M,32.00M,498.00M,267.00M,,2019-03,0.09,0.09,0.09,,2019-03,0.09,0.09,0.09,,299.70M,0.25,,2019-03,AOR,Restated
2018-12,1.521B,1.65B,1.34B,310.00M,,91.00M,91.00M,0.00,99.00M,-99.00M,91.00M,182.00M,128.00M,99.00M,-99.00M,32.00M,-99.00M,61.00M,27.00M,34.00M,,,-38.00M,12.00M,-4.00M,533.00M,160.00M,,2018-12,-0.0549,-0.0549,-0.0549,,2018-12,-0.0549,-0.0549,-0.0549,,291.60M,0.25,,2018-12,AOR,Restated
2018-09,1.841B,1.793B,1.293B,500.00M,,143.00M,143.00M,14.00M,99.00M,-99.00M,169.00M,312.00M,188.00M,99.00M,-99.00M,35.00M,-99.00M,124.00M,121.00M,3.00M,,,-45.00M,11.00M,-42.00M,489.00M,223.00M,,2018-09,-0.18,-0.2147,-0.18,,2018-09,-0.18,-0.2147,-0.18,,294.30M,0.25,,2018-09,AOR,Restated
2018-06,1.581B,1.534B,1.224B,310.00M,,129.00M,129.00M,-15.00M,98.00M,-98.00M,62.00M,191.00M,119.00M,98.00M,-98.00M,6.00M,-98.00M,27.00M,114.00M,-87.00M,,,-43.00M,12.00M,-130.00M,444.00M,125.00M,,2018-06,-0.48,-0.4432,-0.48,,2018-06,-0.48,-0.4432,-0.48,,297.50M,0.25,,2018-06,AOR,Restated
2018-03,1.38B,1.346B,1.102B,244.00M,,110.00M,110.00M,-20.00M,103.00M,-103.00M,40.00M,150.00M,94.00M,103.00M,-103.00M,17.00M,-103.00M,8.00M,73.00M,-65.00M,,,-41.00M,11.00M,-106.00M,417.00M,111.00M,,2018-03,-0.38,-0.3328,-0.38,,2018-03,-0.38,-0.3328,-0.38,,309.50M,0.25,,2018-03,AOR,Restated
2017-12,1.663B,1.663B,1.511B,152.00M,,121.00M,121.00M,-2.062B,80.00M,-80.00M,356.00M,477.00M,-325.00M,80.00M,-80.00M,-2.072B,-80.00M,-2.477B,158.00M,-2.635B,,,-42.00M,12.00M,-2.677B,646.00M,-2.397B,,2017-12,-8.535,-4.589,-8.535,,2017-12,-13.12,-9.174,-13.12,,313.50M,0.25,,2017-12,AOR,Restated
2017-09,1.348B,1.348B,1.477B,-129.00M,,111.00M,111.00M,-2.229B,79.00M,-79.00M,41.00M,152.00M,-281.00M,79.00M,-79.00M,-2.207B,-79.00M,-2.567B,-1.974B,-593.00M,,,-31.00M,11.00M,-624.00M,759.00M,-2.488B,,2017-09,-2.02,2.232,-2.02,,2017-09,-2.02,2.232,-2.02,,314.50M,0.25,,2017-09,AOR,Restated
2017-06,1.197B,1.197B,1.398B,-201.00M,,95.00M,95.00M,2.00M,82.00M,-82.00M,52.00M,147.00M,-348.00M,82.00M,-82.00M,5.00M,-82.00M,-425.00M,-8.00M,-417.00M,,,-32.00M,11.00M,-449.00M,741.00M,-343.00M,,2017-06,-1.46,-1.466,-1.46,,2017-06,-1.46,-1.466,-1.46,,314.40M,0.25,,2017-06,AOR,Restated
2017-03,1.258B,1.258B,1.326B,-68.00M,,95.00M,95.00M,0.00,84.00M,-84.00M,58.00M,153.00M,-221.00M,84.00M,-84.00M,-4.00M,-84.00M,-309.00M,-13.00M,-296.00M,,,-28.00M,12.00M,-324.00M,737.00M,-225.00M,,2017-03,-1.07,-1.07,-1.07,,2017-03,-1.07,-1.07,-1.07,,313.90M,0.25,,2017-03,AOR,Restated
2016-12,1.388B,1.388B,1.734B,-346.00M,,104.00M,104.00M,-139.00M,84.00M,-84.00M,1.033B,1.137B,-1.483B,84.00M,-84.00M,-142.00M,-84.00M,-1.709B,3.189B,-4.898B,,,6.00M,11.00M,-4.892B,768.00M,-1.625B,,2016-12,-15.49,-15.22,-15.49,,2016-12,-15.65,-15.38,-15.65,,313.50M,0.25,,2016-12,AOR,Restated
2016-09,1.177B,1.177B,1.481B,-304.00M,,106.00M,106.00M,-80.00M,84.00M,-84.00M,78.00M,184.00M,-488.00M,84.00M,-84.00M,-61.00M,-84.00M,-633.00M,-316.00M,-317.00M,,,-22.00M,12.00M,-339.00M,811.00M,-549.00M,,2016-09,-1.12,-0.9667,-1.12,,2016-09,-1.12,-0.9667,-1.12,,313.20M,0.25,,2016-09,AOR,Restated
2016-06,1.224B,1.224B,1.557B,-333.00M,,106.00M,106.00M,,85.00M,-85.00M,199.00M,305.00M,-638.00M,85.00M,-85.00M,45.00M,-85.00M,-678.00M,-305.00M,-373.00M,,,-19.00M,12.00M,-392.00M,797.00M,-593.00M,,2016-06,-1.29,-1.29,-1.29,,2016-06,-1.29,-1.29,-1.29,,313.20M,0.25,,2016-06,AOR,Restated
2016-03,973.00M,973.00M,1.512B,-539.00M,,98.00M,98.00M,,85.00M,-85.00M,132.00M,230.00M,-769.00M,85.00M,-85.00M,20.00M,-85.00M,-834.00M,-346.00M,-488.00M,,,-21.00M,6.00M,-509.00M,868.00M,-749.00M,,2016-03,-1.72,-1.72,-1.72,,2016-03,-1.72,-1.72,-1.72,,299.80M,0.25,,2016-03,AOR,Restated
2015-12,1.474B,1.474B,1.835B,-361.00M,,140.00M,140.00M,-1.18B,86.00M,-86.00M,378.00M,518.00M,-879.00M,86.00M,-86.00M,-1.318B,-86.00M,-2.283B,-492.00M,-1.791B,-8.00M,,-22.00M,,-1.821B,983.00M,-2.197B,,2015-12,-6.338,-3.067,-6.366,,2015-12,-6.402,-3.131,-6.43,,283.00M,0.25,,2015-12,AOR,Restated
2015-09,1.671B,1.671B,1.881B,-210.00M,,119.00M,119.00M,0.00,84.00M,-84.00M,144.00M,263.00M,-473.00M,84.00M,-84.00M,18.00M,-84.00M,-539.00M,-300.00M,-239.00M,-13.00M,,-27.00M,,-279.00M,988.00M,-455.00M,,2015-09,-0.94,-0.94,-0.98,,2015-09,-0.94,-0.94,-0.98,,283.50M,0.25,,2015-09,AOR,Restated
2015-06,1.953B,1.953B,1.932B,21.00M,,151.00M,151.00M,-385.00M,86.00M,-86.00M,90.00M,241.00M,-220.00M,86.00M,-86.00M,-403.00M,-86.00M,-709.00M,-156.00M,-553.00M,-14.00M,,0.00,,-567.00M,1.028B,-623.00M,,2015-06,-1.94,-0.8838,-1.99,,2015-06,-1.94,-0.8838,-1.99,,284.30M,0.25,,2015-06,AOR,Restated
2015-03,1.538B,1.538B,1.776B,-238.00M,,147.00M,147.00M,,85.00M,-85.00M,269.00M,416.00M,-654.00M,85.00M,-85.00M,12.00M,-85.00M,-727.00M,-351.00M,-376.00M,-13.00M,,0.00,,-389.00M,956.00M,-642.00M,,2015-03,-1.32,-1.32,-1.37,,2015-03,-1.32,-1.32,-1.37,,283.50M,0.25,,2015-03,AOR,Restated
2014-12,2.557B,2.557B,1.935B,622.00M,,164.00M,164.00M,3.00M,82.00M,-82.00M,171.00M,335.00M,287.00M,82.00M,-82.00M,-29.00M,-82.00M,176.00M,181.00M,-5.00M,-2.00M,,-1.00M,,-8.00M,875.00M,258.00M,,2014-12,-0.0210,-0.0277,-0.0280,,2014-12,-0.0210,-0.0277,-0.03,,292.70M,0.25,,2014-12,AOR,Restated
2014-09,2.678B,2.678B,1.841B,837.00M,,139.00M,139.00M,31.00M,75.00M,-75.00M,90.00M,229.00M,608.00M,75.00M,-75.00M,58.00M,-75.00M,591.00M,232.00M,359.00M,671.00M,,-22.00M,,1.008B,838.00M,666.00M,,2014-09,1.19,1.127,3.35,,2014-09,1.18,1.118,3.31,,305.00M,0.25,,2014-09,AOR,Restated
2014-06,2.829B,2.829B,1.829B,1.00B,,143.00M,143.00M,779.00M,85.00M,-85.00M,460.00M,603.00M,397.00M,85.00M,-85.00M,754.00M,-85.00M,1.066B,92.00M,974.00M,-44.00M,,1.00M,,931.00M,785.00M,1.151B,,2014-06,3.15,0.8517,3.01,,2014-06,3.10,0.8339,2.96,,314.10M,0.25,,2014-06,AOR,Restated
2014-03,2.673B,2.673B,1.647B,1.026B,,142.00M,142.00M,,81.00M,-81.00M,119.00M,261.00M,765.00M,81.00M,-81.00M,-81.00M,-81.00M,603.00M,239.00M,364.00M,57.00M,,-35.00M,,386.00M,726.00M,684.00M,,2014-03,1.14,1.14,1.21,,2014-03,1.13,1.13,1.20,,322.60M,0.25,,2014-03,AOR,Restated
2013-12,2.648B,2.648B,1.781B,867.00M,,204.00M,117.00M,91.00M,97.00M,-97.00M,458.00M,575.00M,292.00M,97.00M,-97.00M,96.00M,-97.00M,291.00M,-627.00M,918.00M,997.00M,,10.00M,,1.925B,713.00M,388.00M,,2013-12,2.653,2.473,5.917,,2013-12,2.582,2.404,5.76,,333.70M,0.25,,2013-12,AOR,Restated
2013-09,2.72B,2.72B,1.615B,1.105B,27.00M,152.00M,179.00M,-5.00M,86.00M,-86.00M,154.00M,333.00M,772.00M,86.00M,-86.00M,-6.00M,-86.00M,680.00M,324.00M,356.00M,62.00M,,2.00M,,420.00M,681.00M,766.00M,,2013-09,1.06,1.070,1.24,,2013-09,1.05,1.059,1.23,,343.30M,0.25,,2013-09,AOR,Restated
2013-06,3.069B,3.069B,1.642B,1.427B,28.00M,168.00M,196.00M,1.111B,117.00M,-117.00M,200.00M,396.00M,1.031B,117.00M,-117.00M,1.093B,-117.00M,2.007B,407.00M,1.60B,16.00M,,-185.00M,,1.431B,604.00M,2.124B,,2013-06,4.16,1.556,4.21,,2013-06,4.11,1.535,4.16,,344.00M,0.10,,2013-06,AOR,Restated
2013-03,6.106B,6.106B,4.458B,1.648B,225.00M,158.00M,383.00M,688.00M,106.00M,-106.00M,219.00M,602.00M,1.046B,106.00M,-106.00M,654.00M,-106.00M,1.594B,451.00M,1.143B,130.00M,,3.00M,,1.276B,689.00M,1.70B,,2013-03,3.38,1.926,3.76,,2013-03,3.34,1.900,3.72,,342.60M,0.10,,2013-03,AOR,Restated
2012-12,2.953B,2.953B,1.792B,1.161B,,166.00M,166.00M,-143.00M,106.00M,-106.00M,362.00M,528.00M,633.00M,106.00M,-106.00M,-109.00M,-106.00M,418.00M,199.00M,219.00M,157.00M,,-2.00M,,374.00M,730.00M,524.00M,,2012-12,1.657,1.932,1.657,,2012-12,1.657,1.930,1.657,,340.30M,0.10,,2012-12,AOR,Restated
2012-09,3.072B,3.072B,1.799B,1.273B,,134.00M,134.00M,168.00M,104.00M,-104.00M,259.00M,393.00M,880.00M,104.00M,-104.00M,214.00M,-104.00M,990.00M,480.00M,510.00M,82.00M,,-35.00M,,557.00M,728.00M,1.094B,,2012-09,1.49,1.167,1.65,,2012-09,1.48,1.159,1.64,,340.00M,0.10,,2012-09,AOR,Restated
2012-06,3.324B,3.324B,1.755B,1.569B,,144.00M,144.00M,-59.00M,105.00M,-105.00M,196.00M,340.00M,1.229B,105.00M,-105.00M,-62.00M,-105.00M,1.062B,522.00M,540.00M,-5.00M,,14.00M,,549.00M,746.00M,1.167B,,2012-06,1.58,1.693,1.62,,2012-06,1.58,1.693,1.61,,340.40M,0.10,,2012-06,AOR,Restated
2012-03,2.896B,2.896B,1.605B,1.291B,,132.00M,132.00M,36.00M,104.00M,-104.00M,253.00M,385.00M,906.00M,104.00M,-104.00M,65.00M,-104.00M,867.00M,328.00M,539.00M,21.00M,,-15.00M,,545.00M,662.00M,971.00M,,2012-03,1.58,1.514,1.61,,2012-03,1.57,1.504,1.60,,340.30M,0.10,,2012-03,AOR,Restated
2011-12,-7.282B,-7.282B,-6.548B,-734.00M,18.00M,98.00M,116.00M,132.00M,93.00M,-93.00M,299.00M,-1.317B,583.00M,93.00M,-93.00M,-909.00M,-93.00M,-419.00M,-140.00M,-279.00M,,,3.00M,,-131.00M,641.00M,-326.00M,,2011-12,-0.83,-1.090,-0.40,,2011-12,-0.83,-1.088,-0.40,,340.20M,0.10,,2011-12,AOR,Restated
2011-09,8.665B,8.665B,6.79B,1.875B,266.00M,177.00M,443.00M,-297.00M,94.00M,-94.00M,242.00M,1.271B,604.00M,94.00M,-94.00M,-297.00M,-94.00M,213.00M,-54.00M,267.00M,,,31.00M,,298.00M,586.00M,307.00M,,2011-09,0.89,1.462,0.89,,2011-09,0.88,1.447,0.88,,340.20M,0.10,,2011-09,AOR,Restated
2011-06,9.853B,9.853B,7.44B,2.413B,247.00M,174.00M,421.00M,2.00M,97.00M,-97.00M,299.00M,1.308B,1.105B,97.00M,-97.00M,-47.00M,-97.00M,961.00M,392.00M,569.00M,,,38.00M,,607.00M,588.00M,1.058B,,2011-06,1.80,1.796,1.80,,2011-06,1.78,1.776,1.78,,340.40M,0.10,,2011-06,AOR,Restated
2011-03,10.22B,10.22B,7.571B,2.644B,283.00M,164.00M,447.00M,348.00M,99.00M,-99.00M,355.00M,1.36B,1.284B,99.00M,-99.00M,300.00M,-99.00M,1.485B,511.00M,974.00M,,,-45.00M,,929.00M,558.00M,1.584B,,2011-03,2.77,2.090,2.77,,2011-03,2.74,2.067,2.74,,339.20M,0.10,,2011-03,AOR,Restated
2010-12,9.007B,9.007B,9.07B,-63.00M,291.00M,197.00M,488.00M,-34.00M,100.00M,-100.00M,359.00M,-837.00M,774.00M,100.00M,-100.00M,-317.00M,-100.00M,357.00M,274.00M,83.00M,,,-25.00M,,58.00M,633.00M,457.00M,,2010-12,0.16,0.2275,0.16,,2010-12,0.16,0.2267,0.16,,331.30M,0.10,,2010-12,AOR,Restated
2010-09,7.864B,7.864B,5.805B,2.059B,232.00M,151.00M,383.00M,640.00M,94.00M,-94.00M,264.00M,1.231B,828.00M,94.00M,-94.00M,557.00M,-94.00M,1.291B,200.00M,1.091B,,,63.00M,,1.154B,584.00M,1.385B,,2010-09,3.54,1.877,3.54,,2010-09,3.52,1.869,3.52,,327.60M,0.10,,2010-09,AOR,Restated
2010-06,7.732B,7.732B,5.756B,1.976B,245.00M,159.00M,404.00M,24.00M,83.00M,-83.00M,252.00M,1.214B,762.00M,83.00M,-83.00M,18.00M,-83.00M,697.00M,301.00M,396.00M,,,-21.00M,,375.00M,558.00M,780.00M,,2010-06,1.15,1.102,1.15,,2010-06,1.15,1.102,1.15,,327.50M,0.10,,2010-06,AOR,Restated
2010-03,9.259B,9.259B,7.017B,2.242B,253.00M,155.00M,408.00M,46.00M,84.00M,-84.00M,203.00M,1.153B,1.089B,84.00M,-84.00M,-39.00M,-84.00M,966.00M,398.00M,568.00M,,,-30.00M,,538.00M,542.00M,1.05B,,2010-03,1.66,1.568,1.66,,2010-03,1.65,1.559,1.65,,327.00M,0.10,,2010-03,AOR,Restated
2009-12,8.678B,8.678B,6.497B,2.181B,266.00M,203.00M,469.00M,109.00M,91.00M,-91.00M,206.00M,1.259B,922.00M,91.00M,-91.00M,-120.00M,-91.00M,711.00M,341.00M,370.00M,,,-12.00M,,358.00M,584.00M,802.00M,,2009-12,1.10,0.8773,1.10,,2009-12,1.10,0.8817,1.10,,324.51M,0.10,,2009-12,AOR,Restated
2009-09,7.27B,7.27B,5.529B,1.741B,240.00M,148.00M,388.00M,114.00M,97.00M,-97.00M,210.00M,1.224B,517.00M,97.00M,-97.00M,114.00M,-97.00M,534.00M,182.00M,352.00M,,,-11.00M,,341.00M,572.00M,631.00M,,2009-09,1.05,0.8195,1.05,,2009-09,1.05,0.8195,1.05,,326.00M,0.10,,2009-09,AOR,Restated
2009-06,6.751B,6.751B,5.149B,1.602B,245.00M,136.00M,381.00M,4.00M,95.00M,-95.00M,355.00M,1.294B,308.00M,95.00M,-95.00M,4.00M,-95.00M,217.00M,115.00M,102.00M,,,-2.00M,,100.00M,558.00M,312.00M,,2009-06,0.31,0.3020,0.31,,2009-06,0.31,0.3020,0.31,,325.78M,0.10,,2009-06,AOR,Restated
2009-03,6.915B,6.915B,5.591B,1.324B,257.00M,160.00M,417.00M,-2.00M,77.00M,-77.00M,241.00M,1.144B,180.00M,77.00M,-77.00M,-43.00M,-77.00M,60.00M,77.00M,-17.00M,,,-42.00M,,-59.00M,486.00M,137.00M,,2009-03,-0.18,-0.1760,-0.18,,2009-03,-0.18,-0.1760,-0.18,,323.40M,0.10,,2009-03,AOR,Restated
2008-12,7.38B,7.38B,5.812B,1.568B,259.00M,194.00M,453.00M,-183.00M,67.00M,-67.00M,313.00M,1.334B,234.00M,67.00M,-67.00M,-162.00M,-67.00M,5.00M,85.00M,-80.00M,,,6.00M,,-74.00M,568.00M,72.00M,,2008-12,-0.25,0.1187,-0.25,,2008-12,-0.25,0.1148,-0.25,,326.10M,0.10,,2008-12,,Restated
2008-09,11.40B,11.40B,8.667B,2.729B,266.00M,170.00M,436.00M,-62.00M,68.00M,-68.00M,219.00M,1.152B,1.577B,68.00M,-68.00M,-10.00M,-68.00M,1.499B,725.00M,774.00M,,,1.00M,,775.00M,497.00M,1.567B,,2008-09,2.40,2.525,2.40,,2008-09,2.37,2.493,2.37,,327.40M,0.10,,2008-09,,Restated
2008-06,11.71B,11.71B,8.831B,2.88B,267.00M,156.00M,423.00M,37.00M,65.00M,-65.00M,205.00M,1.11B,1.77B,65.00M,-65.00M,18.00M,-65.00M,1.723B,812.00M,911.00M,,,-11.00M,,900.00M,482.00M,1.788B,,2008-06,2.81,2.735,2.81,,2008-06,2.76,2.686,2.76,,326.20M,0.10,,2008-06,,Restated
2008-03,10.65B,10.65B,8.129B,2.518B,233.00M,152.00M,385.00M,63.00M,67.00M,-67.00M,197.00M,1.034B,1.484B,67.00M,-67.00M,53.00M,-67.00M,1.47B,718.00M,752.00M,,,7.00M,,759.00M,452.00M,1.537B,,2008-03,2.39,2.261,2.39,,2008-03,2.34,2.214,2.34,,323.80M,0.10,,2008-03,,Restated
2007-12,9.456B,9.456B,7.20B,2.256B,,,612.00M,24.00M,,,,1.142B,1.114B,,,44.00M,,1.087B,577.00M,510.00M,,,,,510.00M,530.00M,1.114B,,2007-12,1.62,1.567,1.62,,2007-12,1.59,1.541,1.59,,321.40M,0.10,,2007-12,AOR,
2007-09,7.451B,7.451B,5.892B,1.559B,,,371.00M,34.00M,,,,736.00M,823.00M,,,53.00M,,817.00M,422.00M,395.00M,,,,,395.00M,365.00M,823.00M,,2007-09,1.26,1.191,1.26,,2007-09,1.23,1.161,1.23,,319.90M,0.10,,2007-09,,
2007-06,7.421B,7.421B,5.694B,1.727B,,,383.00M,44.00M,,,,737.00M,990.00M,,,125.00M,,1.053B,496.00M,557.00M,,,,,557.00M,354.00M,990.00M,,2007-06,1.78,1.690,1.78,,2007-06,1.75,1.660,1.75,,318.60M,0.10,,2007-06,,
2007-03,7.319B,7.319B,5.883B,1.436B,,,353.00M,-1.00M,,,-327.00M,353.00M,1.083B,,,55.00M,,747.00M,377.00M,370.00M,,,,,370.00M,327.00M,1.083B,,2007-03,1.19,1.192,1.19,,2007-03,1.17,1.172,1.17,,317.30M,0.10,,2007-03,,
2006-12,7.155B,7.155B,4.915B,2.24B,,,371.00M,22.00M,,,,1.398B,842.00M,,,51.00M,,849.00M,483.00M,359.00M,,,,8.00M,359.00M,353.00M,1.493B,,2006-12,1.21,1.168,1.21,,2006-12,1.13,1.088,1.13,,316.30M,0.10,,2006-12,AOR,Restated
2006-09,7.035B,7.035B,5.475B,1.56B,,,345.00M,25.00M,,,,668.00M,892.00M,,,92.00M,,936.00M,639.00M,296.00M,,,,12.00M,296.00M,323.00M,892.00M,,2006-09,1.03,0.9825,1.03,,2006-09,0.94,0.8925,0.94,,316.00M,0.10,,2006-09,,
2006-06,6.718B,6.919B,5.36B,1.559B,,,134.00M,99.00M,,,,417.00M,1.142B,,,201.00M,,1.098B,532.00M,566.00M,,,,12.00M,566.00M,282.00M,1.142B,,2006-06,2.01,1.822,2.01,,2006-06,1.79,1.602,1.79,,315.50M,0.3917,,2006-06,AOR,
2006-03,7.159B,7.159B,5.635B,1.524B,,,337.00M,304.00M,,,,603.00M,921.00M,,,307.00M,,1.171B,472.00M,699.00M,,,,12.00M,699.00M,266.00M,921.00M,,2006-03,2.50,1.921,2.50,,2006-03,2.22,1.641,2.22,,314.80M,0.10,,2006-03,AOR,
2005-12,7.059B,7.059B,5.652B,1.407B,238.00M,103.00M,341.00M,21.00M,55.00M,-55.00M,142.00M,741.00M,666.00M,55.00M,-55.00M,82.00M,-55.00M,693.00M,257.00M,436.00M,,,,12.00M,436.00M,258.00M,748.00M,,2005-12,1.55,1.502,1.55,,2005-12,1.393,1.351,1.393,,314.30M,0.10,,2005-12,AOR,Restated
2005-09,5.769B,5.769B,4.68B,1.089B,202.00M,83.00M,285.00M,36.00M,54.00M,-54.00M,122.00M,658.00M,431.00M,54.00M,-54.00M,187.00M,-54.00M,564.00M,292.00M,272.00M,0.00,,,12.00M,272.00M,252.00M,618.00M,,2005-09,0.95,0.8710,0.95,,2005-09,0.8667,0.7977,0.8667,,313.23M,0.10,,2005-09,AOR,
2005-06,4.963B,4.963B,3.863B,1.10B,205.00M,86.00M,291.00M,11.00M,54.00M,-54.00M,125.00M,677.00M,423.00M,54.00M,-54.00M,119.00M,-54.00M,488.00M,189.00M,299.00M,,,,12.00M,299.00M,261.00M,542.00M,,2005-06,1.06,1.035,1.06,,2005-06,0.96,0.9383,0.96,,311.17M,0.10,,2005-06,AOR,Restated
2005-03,4.957B,4.957B,3.853B,1.104B,197.00M,85.00M,282.00M,63.00M,61.00M,-61.00M,164.00M,700.00M,404.00M,61.00M,-61.00M,113.00M,-61.00M,456.00M,237.00M,219.00M,,,,12.00M,219.00M,254.00M,517.00M,,2005-03,0.7633,0.6239,0.7633,,2005-03,0.7067,0.5846,0.7067,,309.73M,0.10,,2005-03,,Restated
2004-12,4.613B,4.613B,3.56B,1.053B,200.00M,89.00M,289.00M,63.00M,62.00M,-62.00M,131.00M,695.00M,358.00M,62.00M,-62.00M,84.00M,-62.00M,380.00M,151.00M,229.00M,0.00,,,12.00M,229.00M,275.00M,442.00M,,2004-12,0.80,0.6596,0.80,,2004-12,0.7467,0.6238,0.7433,,308.90M,0.10,,2004-12,AOR,Restated
2004-09,3.83B,3.83B,2.944B,886.00M,186.00M,81.00M,267.00M,25.00M,62.00M,-62.00M,116.00M,613.00M,273.00M,62.00M,-62.00M,100.00M,-62.00M,311.00M,133.00M,178.00M,0.00,,,12.00M,178.00M,230.00M,373.00M,,2004-09,0.6167,0.5610,0.6167,,2004-09,0.58,0.5312,0.58,,307.20M,0.10,,2004-09,,Restated
2004-06,3.803B,3.803B,2.815B,988.00M,174.00M,96.00M,270.00M,36.00M,60.00M,-60.00M,110.00M,619.00M,369.00M,60.00M,-60.00M,133.00M,-60.00M,442.00M,161.00M,281.00M,7.00M,,,12.00M,288.00M,239.00M,502.00M,,2004-06,1.01,0.9244,1.037,,2004-06,0.9233,0.8481,0.9467,,304.23M,0.10,,2004-06,,Restated
2004-03,4.488B,4.562B,3.601B,961.00M,,,253.00M,23.00M,,,,479.00M,482.00M,,,74.00M,,425.00M,144.00M,281.00M,,,,12.00M,281.00M,226.00M,482.00M,,2004-03,1.01,0.9600,1.01,,2004-03,0.9233,0.8733,0.9233,,304.20M,0.10,,2004-03,,
2003-12,3.628B,3.439B,2.334B,1.105B,,,289.00M,-29.00M,,,,1.104B,1.00M,,,-20.00M,,101.00M,32.00M,69.00M,0.00,,,,69.00M,254.00M,170.00M,,2003-12,0.24,0.3158,0.2367,,2003-12,0.2333,0.3033,0.22,,283.17M,0.10,,2003-12,AOR,Restated
2003-09,3.23B,3.296B,2.504B,792.00M,,,241.00M,23.00M,,,,494.00M,298.00M,,,66.00M,,225.00M,79.00M,146.00M,,,,,146.00M,253.00M,298.00M,,2003-09,0.55,0.4942,0.55,,2003-09,0.5467,0.4908,0.5467,,267.30M,0.10,,2003-09,,
2003-06,3.199B,3.213B,2.468B,745.00M,,,273.00M,-1.00M,,,,543.00M,202.00M,,,14.00M,,125.00M,62.00M,63.00M,189.00M,,,,252.00M,251.00M,202.00M,,2003-06,0.2367,0.2389,0.95,,2003-06,0.2367,0.2389,0.9433,,267.14M,0.10,,2003-06,,
2003-03,4.297B,4.297B,3.419B,878.00M,,,248.00M,60.00M,,,,543.00M,335.00M,,,110.00M,,371.00M,155.00M,216.00M,-47.00M,7.00M,,,176.00M,295.00M,335.00M,,2003-03,0.81,0.6753,0.66,,2003-03,0.81,0.6753,0.66,,267.30M,0.10,,2003-03,,
2002-12,3.206B,3.065B,1.937B,1.128B,,,264.00M,-351.00M,,,,1.01B,118.00M,,,-348.00M,,-469.00M,-69.00M,-400.00M,29.00M,,,,-371.00M,106.00M,-725.00M,,2002-12,-1.509,-0.3772,-1.406,,2002-12,-1.509,-0.3772,-1.406,,264.41M,0.10,,2002-12,AOR,Restated
2002-09,2.724B,2.798B,1.99B,808.00M,,,214.00M,-556.00M,,,,488.00M,320.00M,,,-562.00M,,-59.00M,46.00M,-105.00M,-31.00M,,,,-136.00M,342.00M,320.00M,,2002-09,-0.3963,0.8614,-0.5128,,2002-09,-0.3963,0.8614,-0.5128,,265.25M,0.10,,2002-09,,
2002-06,2.694B,2.712B,1.842B,870.00M,,,257.00M,36.00M,,,,576.00M,294.00M,,,18.00M,,227.00M,98.00M,129.00M,20.00M,,,,149.00M,368.00M,294.00M,,2002-06,0.4862,0.4046,0.5594,,2002-06,0.4795,0.3992,0.5528,,268.77M,0.10,,2002-06,,
2002-03,2.958B,2.958B,2.192B,766.00M,,,223.00M,62.00M,,,,506.00M,260.00M,,,36.00M,,230.00M,102.00M,128.00M,13.00M,,,,141.00M,302.00M,260.00M,,2002-03,0.4828,0.3434,0.5328,,2002-03,0.4795,0.3400,0.5261,,266.67M,0.10,,2002-03,,
2001-12,2.521B,2.324B,1.448B,876.00M,,,313.00M,30.00M,,,,1.042B,-166.00M,,,11.00M,,-20.00M,24.00M,-44.00M,,,,,54.00M,169.00M,42.00M,,2001-12,-0.1634,-0.2320,0.2099,,2001-12,-0.1634,-0.2312,0.2099,,265.35M,0.10,,2001-12,AOR,Restated
2001-09,2.888B,2.934B,2.173B,761.00M,,,232.00M,35.00M,,,,486.00M,275.00M,,,46.00M,,224.00M,57.00M,167.00M,,,,,167.00M,254.00M,275.00M,,2001-09,0.6327,0.5341,0.6327,,2001-09,0.6194,0.5222,0.6194,,268.47M,0.10,,2001-09,,
2001-06,3.461B,3.565B,2.536B,1.029B,,,210.00M,53.00M,,,,439.00M,590.00M,,,104.00M,,549.00M,192.00M,357.00M,,,,,357.00M,229.00M,590.00M,,2001-06,1.342,1.212,1.342,,2001-06,1.325,1.197,1.325,,269.20M,0.10,,2001-06,,
2001-03,4.182B,4.229B,3.226B,1.003B,,,218.00M,33.00M,,,,399.00M,604.00M,,,47.00M,,564.00M,227.00M,337.00M,,,,,337.00M,181.00M,604.00M,,2001-03,1.277,1.202,1.277,,2001-03,1.263,1.189,1.263,,266.75M,0.10,,2001-03,,
2000-12,3.685B,3.685B,2.293B,1.392B,,,229.00M,0.00,,,,950.00M,442.00M,,,121.00M,,520.00M,180.00M,340.00M,,,,,340.00M,198.00M,726.00M,,2000-12,1.283,1.283,1.283,,2000-12,1.27,1.27,1.27,,266.51M,0.05,,2000-12,,Restated
2000-09,2.833B,2.833B,2.032B,801.00M,,,207.00M,54.00M,,,,383.00M,418.00M,,,54.00M,,430.00M,173.00M,257.00M,,,,,257.00M,175.00M,418.00M,,2000-09,0.9633,0.8431,0.9633,,2000-09,0.9533,0.8331,0.9533,,269.58M,0.05,,2000-09,,
2000-06,2.644B,2.644B,1.987B,657.00M,,,173.00M,70.00M,,,,340.00M,317.00M,,,70.00M,,348.00M,146.00M,202.00M,,,,,202.00M,167.00M,317.00M,,2000-06,0.75,0.5953,0.75,,2000-06,0.7467,0.5920,0.7467,,271.50M,0.05,,2000-06,,
2000-03,2.831B,2.831B,2.127B,704.00M,,,157.00M,39.00M,,,,331.00M,373.00M,,,39.00M,,374.00M,150.00M,224.00M,,,,,224.00M,174.00M,373.00M,,2000-03,0.83,0.7438,0.83,,2000-03,0.8233,0.7373,0.8233,,272.06M,0.05,,2000-03,,
1999-12,2.269B,2.269B,1.119B,1.150B,,,147.20M,-96.90M,,,,840.20M,309.60M,,,-89.90M,,177.70M,46.30M,131.50M,,,,,131.50M,215.00M,603.60M,,1999-12,0.4878,0.7592,0.4878,,1999-12,0.4845,0.7488,0.4845,,271.03M,0.05,,1999-12,,Restated
1999-09,1.802B,1.802B,1.278B,523.70M,,,178.10M,172.60M,,,,337.60M,186.10M,,,172.60M,,320.00M,161.50M,158.50M,,,,,158.50M,159.00M,186.10M,,1999-09,0.5894,0.2085,0.5894,,1999-09,0.5828,0.2018,0.5828,,271.86M,0.05,,1999-09,,
1999-06,1.43B,1.43B,1.096B,334.00M,,,150.00M,100.00M,,,,286.00M,48.00M,,,100.00M,,110.00M,32.00M,78.00M,,,,,78.00M,136.70M,48.00M,,1999-06,0.2864,0.0260,0.2864,,1999-06,0.2864,0.0260,0.2864,,272.37M,0.05,,1999-06,,
1999-03,1.539B,1.539B,1.234B,304.50M,,,144.00M,111.40M,,,,282.30M,22.20M,,,111.40M,,94.40M,23.90M,70.60M,,,,,70.60M,138.30M,22.20M,,1999-03,0.2631,-0.0452,0.2631,,1999-03,0.2631,-0.0452,0.2631,,269.87M,0.05,,1999-03,,
1998-12,1.617B,1.617B,1.42B,197.30M,,,183.70M,-519.70M,,,,359.70M,-162.40M,,,-519.70M,,-519.20M,-100.80M,-418.40M,,,,,-418.40M,176.00M,-162.40M,,1998-12,-1.555,0.0310,-1.555,,1998-12,-1.555,0.0310,-1.555,,264.05M,0.05,,1998-12,,
1998-09,1.528B,1.528B,1.150B,378.70M,,,156.00M,23.60M,,,,367.50M,11.20M,,,23.60M,,-6.80M,-0.50M,-6.30M,,,,,-6.30M,159.60M,11.20M,,1998-09,-0.0233,-0.1042,-0.0233,,1998-09,-0.0233,-0.1042,-0.0233,,270.27M,0.05,,1998-09,,
1998-06,1.608B,1.608B,1.308B,300.60M,,,152.60M,26.70M,,,,314.80M,-14.20M,,,26.70M,,-20.80M,0.90M,-21.70M,,,,,-21.70M,162.20M,-14.20M,,1998-06,-0.0799,-0.1389,-0.0799,,1998-06,-0.0799,-0.1389,-0.0799,,271.52M,0.05,,1998-06,,
