,OperatingRevenue,Revenue,CostofGoodsSold,GrossProfit,SG&AExpense,ResearchandDevelopmentExpense,AmortizationExpense,SpecialIncomeandCharges,OperatingInterestExpense,OperatingInterestIncome,NetOperatingInterestIncome,OtherOperatingExpenses,TotalOperatingExpenses,OperatingIncome,Non-OperatingInterestIncome,Non-OperatingInterestExpense,NetNon-OperatingInterestIncomeExpense,OtherIncomeandExpenses,NetInterestIncome,Pre-TaxIncome,ProvisionforIncomeTaxes,IncomefromContinuingOperations,IncomefromDiscontinuedOperations,"ExtraordinaryItems,IncomeStatement",NetIncome,ReconciledDepreciation,EBIT,,BasicEPS(Quarterly),EPSBasicfromContinuingOperations,EPSBasicfromTaxLossCarryforward,NormalizedBasicEPS,EPSBasic,,DilutedEPS(Quarterly),EPSDilutedfromExtraordinaries,EPSDilutedfromTaxLossCarryforward,NormalizedDilutedEPS,SharesData(Quarterly),AverageBasicSharesOutstanding,AverageDilutedSharesOutstanding,DividendPerShare,,SECFilingLinks,AsOriginallyReported,Restated
2020-09,964.02M,964.02M,436.58M,527.44M,225.25M,50.13M,,-4.059M,12.06M,0.205M,-11.85M,,275.38M,252.06M,0.205M,12.06M,-11.85M,-6.456M,-11.85M,233.76M,57.02M,176.74M,-0.037M,,176.70M,62.47M,245.81M,,2020-09,1.58,,1.607,1.58,,2020-09,,,1.597,2020-09,111.68M,112.29M,0.07,,2020-09,AOR,
2020-06,811.72M,811.72M,364.37M,447.34M,221.03M,49.52M,,-1.158M,11.59M,0.192M,-11.39M,,270.55M,176.80M,0.192M,11.59M,-11.39M,-0.576M,-11.39M,164.83M,27.61M,137.21M,-0.051M,,137.16M,59.29M,176.41M,,2020-06,1.23,,1.239,1.23,,2020-06,,,1.239,2020-06,111.33M,111.87M,0.07,,2020-06,AOR,
2020-03,652.40M,652.40M,344.37M,308.02M,208.57M,48.91M,,-5.858M,13.66M,0.265M,-13.40M,,257.48M,50.54M,0.265M,13.66M,-13.40M,-2.451M,-13.40M,34.69M,0.974M,33.72M,-0.05M,,33.66M,60.76M,48.35M,,2020-03,0.30,,0.3512,0.30,,2020-03,,,0.3510,2020-03,111.12M,111.64M,0.07,,2020-03,AOR,
2019-12,805.50M,805.50M,407.32M,398.18M,210.74M,47.64M,,-33.63M,14.42M,0.57M,-13.85M,,258.37M,139.81M,0.57M,14.42M,-13.85M,-60.66M,-13.85M,65.30M,0.747M,64.55M,-0.048M,,64.50M,56.91M,79.72M,,2019-12,0.5808,,0.8804,0.5804,,2019-12,,,0.8778,2019-12,110.97M,111.62M,0.07,,2019-12,AOR,
2019-09,706.92M,706.92M,364.65M,342.28M,204.17M,45.38M,,-14.54M,16.15M,0.292M,-15.86M,,249.55M,92.73M,0.292M,16.15M,-15.86M,-13.62M,-15.86M,63.25M,4.644M,58.61M,-0.052M,,58.56M,53.32M,79.40M,,2019-09,0.53,,0.6515,0.53,,2019-09,,,0.6508,2019-09,110.95M,111.56M,0.07,,2019-09,AOR,Restated
2019-06,722.52M,722.52M,374.72M,347.79M,201.55M,48.34M,,-6.497M,17.21M,0.35M,-16.86M,,249.90M,97.90M,0.35M,17.21M,-16.86M,-9.212M,-16.86M,71.83M,2.686M,69.14M,-0.054M,,69.09M,53.32M,89.03M,,2019-06,0.62,,0.6764,0.62,,2019-06,,,0.6761,2019-06,110.84M,111.53M,0.07,,2019-06,AOR,Restated
2019-03,648.74M,648.74M,340.93M,307.81M,198.86M,47.98M,,-9.772M,15.85M,0.283M,-15.57M,,246.84M,60.97M,0.283M,15.85M,-15.57M,-8.637M,-15.57M,36.76M,1.312M,35.45M,-0.041M,,35.41M,50.47M,52.62M,,2019-03,0.32,,0.4052,0.32,,2019-03,,,0.4046,2019-03,110.54M,111.29M,0.07,,2019-03,AOR,Restated
2018-12,756.35M,756.35M,380.10M,376.25M,210.54M,51.97M,,1.755M,16.23M,0.387M,-15.84M,,262.51M,113.74M,0.387M,16.23M,-15.84M,-18.47M,-15.84M,79.43M,8.107M,71.32M,-0.03M,,71.29M,47.20M,95.66M,,2018-12,0.6449,,0.6307,0.6446,,2018-12,,,0.6259,2018-12,110.75M,111.61M,0.07,,2018-12,AOR,Restated
2018-09,674.31M,674.31M,341.99M,332.33M,196.77M,48.85M,,6.523M,16.68M,0.316M,-16.37M,,245.62M,86.71M,0.316M,16.68M,-16.37M,7.699M,-16.37M,78.04M,2.596M,75.44M,1.103M,,76.55M,45.16M,94.72M,,2018-09,0.68,,0.6230,0.69,,2018-09,,,0.6236,2018-09,110.72M,111.75M,0.07,,2018-09,AOR,Restated
2018-06,703.36M,703.36M,363.22M,340.14M,204.88M,47.20M,,0.00,16.41M,0.173M,-16.24M,,252.08M,88.06M,0.173M,16.41M,-16.24M,-0.118M,-16.24M,71.71M,7.035M,64.67M,-0.61M,,64.06M,43.77M,88.12M,,2018-06,0.59,,0.59,0.58,,2018-06,,,0.58,2018-06,110.48M,111.45M,0.07,,2018-06,AOR,Restated
2018-03,643.97M,643.97M,351.75M,292.22M,199.72M,45.98M,,-6.578M,17.65M,0.265M,-17.38M,,245.71M,46.51M,0.265M,17.65M,-17.38M,-0.623M,-17.38M,28.50M,2.47M,26.04M,-0.011M,,26.02M,44.45M,46.16M,,2018-03,0.24,,0.2945,0.24,,2018-03,,,0.2839,2018-03,110.30M,111.33M,0.07,,2018-03,AOR,Restated
2017-12,641.63M,641.63M,334.20M,307.43M,176.38M,37.73M,,0.255M,11.43M,1.059M,-10.37M,,214.11M,93.32M,1.059M,11.43M,-10.37M,-2.06M,-10.37M,80.89M,119.33M,-38.44M,-2.673M,,-41.12M,29.49M,92.32M,,2017-12,-0.3483,,-0.3497,-0.3726,,2017-12,,,-0.3514,2017-12,110.06M,111.48M,0.07,,2017-12,AOR,Restated
2017-09,554.28M,554.28M,285.31M,268.97M,152.78M,34.88M,,-3.269M,10.97M,0.802M,-10.17M,,187.66M,81.31M,0.802M,10.97M,-10.17M,33.92M,-10.17M,105.05M,8.508M,96.55M,-5.468M,,91.08M,26.00M,116.03M,,2017-09,0.88,,0.9073,0.83,,2017-09,,,0.8971,2017-09,110.00M,110.99M,0.07,,2017-09,AOR,Restated
2017-06,546.96M,546.96M,289.36M,257.60M,149.86M,33.56M,,-0.301M,10.67M,0.49M,-10.18M,,183.42M,74.18M,0.49M,10.67M,-10.18M,6.791M,-10.18M,70.79M,8.066M,62.73M,141.34M,,204.07M,24.76M,81.46M,,2017-06,0.57,,0.5724,1.86,,2017-06,,,0.5724,2017-06,109.89M,110.76M,0.07,,2017-06,AOR,Restated
2017-03,514.12M,514.12M,274.36M,239.76M,147.01M,33.29M,,-9.651M,10.86M,0.22M,-10.64M,,180.29M,59.46M,0.22M,10.86M,-10.64M,-8.835M,-10.64M,39.98M,3.921M,36.06M,2.541M,,38.60M,24.75M,50.85M,,2017-03,0.33,,0.4095,0.35,,2017-03,,,0.4090,2017-03,109.47M,110.20M,0.07,,2017-03,AOR,Restated
2016-12,566.77M,566.77M,289.60M,277.17M,152.38M,32.83M,,0.00,10.75M,0.341M,-10.41M,,185.21M,91.96M,0.341M,10.75M,-10.41M,-12.36M,-10.41M,69.19M,6.897M,62.29M,2.56M,,64.85M,25.46M,79.94M,,2016-12,0.5686,,0.5686,0.5920,,2016-12,,,0.5686,2016-12,109.34M,110.14M,0.07,,2016-12,AOR,Restated
2016-09,514.49M,514.49M,265.94M,248.55M,142.60M,29.51M,,-0.656M,11.00M,0.124M,-10.87M,,172.11M,76.44M,0.124M,11.00M,-10.87M,-1.045M,-10.87M,64.52M,10.60M,53.92M,4.21M,,58.13M,24.27M,75.52M,,2016-09,0.49,,0.4950,0.53,,2016-09,,,0.4950,2016-09,109.19M,110.08M,0.07,,2016-09,AOR,Restated
2016-06,536.24M,536.24M,282.69M,253.55M,150.95M,31.87M,,1.094M,9.939M,0.127M,-9.812M,,182.82M,70.73M,0.127M,9.939M,-9.812M,-0.049M,-9.812M,60.87M,3.117M,57.76M,6.101M,,63.86M,24.85M,70.81M,,2016-06,0.53,,0.5205,0.59,,2016-06,,,0.5205,2016-06,108.97M,109.84M,0.07,,2016-06,AOR,Restated
2016-03,498.02M,498.02M,262.93M,235.09M,144.54M,29.97M,,0.00,9.841M,0.11M,-9.731M,,174.51M,60.58M,0.11M,9.841M,-9.731M,-1.355M,-9.731M,49.49M,7.747M,41.74M,5.722M,,47.47M,25.40M,59.33M,,2016-03,0.38,,0.38,0.43,,2016-03,,,0.38,2016-03,110.41M,111.20M,0.07,,2016-03,AOR,Restated
2015-12,450.58M,450.58M,228.84M,221.74M,146.88M,16.64M,,-8.709M,9.433M,0.185M,-9.248M,,163.52M,58.22M,0.185M,9.433M,-9.248M,-9.372M,-9.248M,39.60M,-4.976M,44.58M,23.67M,,68.25M,21.61M,49.04M,,2015-12,0.6118,,0.6586,0.6098,,2015-12,,,0.6564,2015-12,111.74M,112.56M,0.07,,2015-12,AOR,Restated
2015-09,563.44M,563.44M,308.83M,254.60M,147.73M,31.10M,,0.118M,9.874M,0.147M,-9.727M,,178.82M,75.78M,0.147M,9.874M,-9.727M,-2.099M,-9.727M,63.95M,9.057M,54.90M,-0.034M,,54.86M,27.16M,73.83M,,2015-09,0.49,,0.4891,0.49,,2015-09,,,0.4791,2015-09,112.63M,113.42M,0.07,,2015-09,AOR,Restated
2015-06,563.91M,563.91M,311.39M,252.51M,146.74M,32.68M,,-4.956M,9.302M,0.132M,-9.17M,,179.42M,73.09M,0.132M,9.302M,-9.17M,-6.629M,-9.17M,57.29M,8.292M,49.00M,-0.022M,,48.97M,28.26M,66.59M,,2015-06,0.43,,0.4675,0.43,,2015-06,,,0.4672,2015-06,113.02M,113.83M,0.07,,2015-06,AOR,Restated
2015-03,526.90M,526.90M,291.53M,235.37M,145.87M,32.12M,,,9.388M,0.209M,-9.179M,,177.99M,57.38M,0.209M,9.388M,-9.179M,-0.242M,-9.179M,47.96M,7.649M,40.31M,0.023M,,40.33M,28.33M,57.35M,,2015-03,0.36,,0.36,0.36,,2015-03,,,0.36,2015-03,112.64M,113.44M,0.07,,2015-03,AOR,Restated
2014-12,441.05M,441.05M,233.46M,207.59M,205.52M,17.88M,,0.644M,9.063M,0.292M,-8.771M,,223.40M,-15.81M,0.292M,9.063M,-8.771M,-0.505M,-8.771M,-25.09M,-25.38M,0.287M,30.50M,,30.79M,23.63M,-16.02M,,2014-12,0.2784,,0.2747,0.2737,,2014-12,,,0.2747,2014-12,112.39M,113.45M,0.07,,2014-12,AOR,Restated
2014-09,542.05M,542.05M,298.74M,243.31M,143.00M,30.44M,,-11.09M,8.909M,0.13M,-8.779M,,173.44M,69.87M,0.13M,8.909M,-8.779M,-13.28M,-8.779M,47.81M,4.912M,42.90M,-0.621M,,42.28M,28.93M,56.72M,,2014-09,0.38,,0.4683,0.38,,2014-09,,,0.4675,2014-09,112.65M,113.76M,0.07,,2014-09,AOR,Restated
2014-06,556.17M,556.17M,308.19M,247.98M,147.25M,30.35M,,-0.742M,9.079M,0.151M,-8.928M,,177.60M,70.38M,0.151M,9.079M,-8.928M,-0.778M,-8.928M,60.67M,8.67M,52.00M,-1.513M,,50.49M,28.58M,69.75M,,2014-06,0.46,,0.4656,0.45,,2014-06,,,0.4656,2014-06,112.79M,113.97M,0.07,,2014-06,AOR,Restated
2014-03,530.61M,530.61M,294.90M,235.71M,152.44M,29.38M,,-2.135M,9.219M,0.094M,-9.125M,,181.82M,53.90M,0.094M,9.219M,-9.125M,-4.299M,-9.125M,40.47M,5.522M,34.95M,-0.727M,,34.22M,29.33M,49.69M,,2014-03,0.31,,0.3264,0.30,,2014-03,,,0.3262,2014-03,112.55M,113.78M,0.07,,2014-03,AOR,Restated
2013-12,591.87M,591.87M,315.10M,276.77M,140.88M,32.59M,,-10.37M,14.61M,0.362M,-14.25M,,173.47M,103.30M,0.362M,14.61M,-14.25M,-22.98M,-14.25M,66.06M,-7.39M,73.46M,-6.582M,,66.87M,31.64M,80.68M,,2013-12,0.5860,,0.6461,0.5725,,2013-12,,,0.6394,2013-12,112.16M,113.46M,0.07,,2013-12,AOR,Restated
2013-09,522.10M,522.10M,288.83M,233.27M,142.78M,31.41M,,-1.124M,11.70M,0.119M,-11.58M,,174.19M,59.08M,0.119M,11.70M,-11.58M,-1.879M,-11.58M,45.61M,4.851M,40.76M,-0.565M,,40.20M,33.26M,57.32M,,2013-09,0.36,,0.3690,0.36,,2013-09,,,0.3689,2013-09,111.83M,113.12M,0.07,,2013-09,AOR,Restated
2013-06,540.67M,540.67M,299.01M,241.66M,147.80M,34.40M,,-19.25M,11.91M,0.064M,-11.85M,,182.20M,59.46M,0.064M,11.91M,-11.85M,-20.26M,-11.85M,27.35M,0.077M,27.27M,0.651M,,27.92M,31.41M,39.26M,,2013-06,0.24,,0.4120,0.25,,2013-06,,,0.4102,2013-06,111.58M,112.72M,0.07,,2013-06,AOR,Restated
2013-03,505.38M,505.38M,280.49M,224.88M,151.50M,34.18M,,-3.31M,11.69M,0.105M,-11.59M,,185.67M,39.21M,0.105M,11.69M,-11.59M,-3.762M,-11.59M,23.86M,-8.428M,32.29M,-0.073M,,32.22M,30.57M,35.55M,,2013-03,0.28,,0.2990,0.28,,2013-03,,,0.2988,2013-03,113.45M,114.72M,0.07,,2013-03,AOR,Restated
2012-12,562.90M,562.90M,302.92M,259.98M,175.34M,32.73M,,-78.17M,11.65M,0.313M,-11.34M,,208.08M,51.90M,0.313M,11.65M,-11.34M,-78.73M,-11.34M,-38.16M,-24.82M,-13.34M,-2.512M,,-15.86M,30.34M,-26.51M,,2012-12,-0.1408,,0.3032,-0.1378,,2012-12,,,0.2982,2012-12,114.44M,115.74M,0.07,,2012-12,AOR,Restated
2012-09,509.60M,509.60M,278.86M,230.74M,145.44M,32.41M,,-9.672M,11.36M,0.074M,-11.29M,,177.85M,52.89M,0.074M,11.36M,-11.29M,-10.26M,-11.29M,31.35M,2.357M,28.99M,0.605M,,29.59M,30.63M,42.71M,,2012-09,0.25,,0.3286,0.26,,2012-09,,,0.3278,2012-09,113.86M,115.00M,0.07,,2012-09,AOR,Restated
2012-06,521.79M,521.79M,283.00M,238.79M,149.74M,34.07M,,-5.203M,11.34M,0.15M,-11.19M,,183.80M,54.99M,0.15M,11.34M,-11.19M,-5.372M,-11.19M,38.43M,4.861M,33.57M,0.065M,,33.63M,32.16M,49.77M,,2012-06,0.30,,0.3401,0.30,,2012-06,,,0.3297,2012-06,113.52M,114.58M,0.07,,2012-06,AOR,Restated
2012-03,510.89M,510.89M,278.88M,232.01M,156.85M,32.62M,,-6.159M,11.44M,0.21M,-11.23M,,189.47M,42.54M,0.21M,11.44M,-11.23M,-7.762M,-11.23M,23.55M,1.476M,22.08M,0.493M,,22.57M,32.01M,34.99M,,2012-03,0.20,,0.2510,0.20,,2012-03,,,0.2406,2012-03,113.10M,114.12M,0.07,,2012-03,AOR,Restated
2011-12,539.33M,539.33M,300.39M,238.94M,220.18M,31.50M,,-10.40M,12.20M,0.53M,-11.68M,,251.68M,-12.74M,0.53M,12.20M,-11.68M,-14.27M,-11.68M,-38.69M,44.54M,-83.22M,-0.417M,,-83.64M,32.20M,-26.48M,,2011-12,-0.74,,-0.6800,-0.74,,2011-12,,,-0.6803,2011-12,112.71M,113.27M,0.07,,2011-12,AOR,Restated
2011-09,452.94M,452.94M,253.58M,199.36M,133.12M,30.10M,,-0.016M,4.449M,0.549M,-3.90M,,163.22M,36.14M,0.549M,4.449M,-3.90M,-0.016M,-3.90M,32.22M,4.215M,28.00M,8.618M,,36.62M,28.12M,36.67M,,2011-09,0.25,,0.2501,0.32,,2011-09,,,0.2501,2011-09,112.70M,113.42M,0.07,,2011-09,AOR,Restated
2011-06,479.06M,479.06M,269.87M,209.19M,138.40M,28.03M,,-3.881M,4.213M,0.483M,-3.73M,,166.44M,42.76M,0.483M,4.213M,-3.73M,-3.881M,-3.73M,35.15M,6.047M,29.10M,0.66M,,29.76M,26.65M,39.36M,,2011-06,0.26,,0.2886,0.26,,2011-06,,,0.2883,2011-06,112.49M,113.62M,0.07,,2011-06,AOR,Restated
2011-03,447.18M,447.18M,246.87M,200.31M,132.70M,26.18M,,-2.162M,3.916M,0.322M,-3.594M,,158.88M,41.43M,0.322M,3.916M,-3.594M,-2.162M,-3.594M,35.68M,8.384M,27.29M,-2.378M,,24.91M,23.95M,39.59M,,2011-03,0.24,,0.2545,0.22,,2011-03,,,0.2544,2011-03,114.00M,115.14M,0.07,,2011-03,AOR,Restated
2010-12,467.39M,467.39M,259.04M,208.35M,121.92M,25.01M,,-6.79M,3.954M,0.29M,-3.664M,,146.94M,61.42M,0.29M,3.954M,-3.664M,-8.934M,-3.664M,48.82M,3.272M,45.55M,250.01M,,295.56M,23.29M,52.77M,,2010-12,0.39,,0.4444,2.53,,2010-12,,,0.4439,2010-12,116.41M,117.49M,0.07,,2010-12,AOR,Restated
2010-09,419.14M,419.14M,233.36M,185.78M,120.55M,23.81M,,-2.687M,4.185M,0.192M,-3.993M,,144.37M,41.42M,0.192M,4.185M,-3.993M,-2.687M,-3.993M,34.74M,8.192M,26.54M,-13.15M,,13.39M,22.79M,38.92M,,2010-09,0.23,,0.2475,0.11,,2010-09,,,0.2374,2010-09,117.48M,118.21M,0.07,,2010-09,AOR,Restated
2010-06,421.61M,421.61M,232.36M,189.25M,123.25M,22.92M,,-6.053M,3.949M,0.169M,-3.78M,,146.18M,43.08M,0.169M,3.949M,-3.78M,-6.053M,-3.78M,-54.90M,-7.718M,-47.18M,10.46M,,57.64M,23.08M,-50.95M,,2010-06,0.40,,0.4443,0.49,,2010-06,,,0.4440,2010-06,117.36M,118.30M,0.07,,2010-06,AOR,Restated
2010-03,393.62M,393.62M,218.35M,175.27M,121.59M,23.06M,,0.50M,3.803M,0.181M,-3.622M,,144.65M,30.62M,0.181M,3.803M,-3.622M,0.50M,-3.622M,27.50M,7.861M,19.64M,4.755M,,24.39M,20.00M,31.30M,,2010-03,0.17,,0.1670,0.21,,2010-03,,,0.1670,2010-03,117.19M,117.93M,0.07,,2010-03,AOR,Restated
2009-12,428.48M,428.48M,234.63M,193.84M,120.60M,23.65M,,0.837M,3.924M,0.258M,-3.666M,,144.26M,49.59M,0.258M,3.924M,-3.666M,0.837M,-3.666M,46.76M,13.84M,32.92M,7.026M,,39.95M,22.82M,50.68M,,2009-12,0.28,,0.2749,0.35,,2009-12,,,0.2750,2009-12,116.32M,116.90M,0.07,,2009-12,AOR,Restated
2009-09,377.04M,377.04M,208.28M,168.76M,112.76M,23.30M,,-11.59M,3.876M,0.124M,-3.752M,,136.06M,32.70M,0.124M,3.876M,-3.752M,-11.59M,-3.752M,17.35M,4.025M,13.33M,0.261M,,13.59M,13.85M,21.23M,,2009-09,0.11,,0.1866,0.12,,2009-09,,,0.1863,2009-09,116.21M,116.64M,0.07,,2009-09,AOR,Restated
2009-06,438.27M,438.27M,250.20M,188.07M,124.04M,25.81M,,-0.128M,4.229M,0.176M,-4.053M,,149.85M,38.22M,0.176M,4.229M,-4.053M,-0.128M,-4.053M,34.04M,10.80M,23.24M,-1.735M,,21.50M,22.42M,38.27M,,2009-06,0.20,,0.2008,0.19,,2009-06,,,0.2008,2009-06,116.06M,116.27M,0.07,,2009-06,AOR,Restated
2009-03,435.16M,435.16M,246.62M,188.54M,129.14M,26.23M,,-8.574M,4.588M,0.477M,-4.111M,,155.37M,33.17M,0.477M,4.588M,-4.111M,-8.574M,-4.111M,20.48M,5.802M,14.68M,-4.123M,,10.56M,21.68M,25.07M,,2009-03,0.13,,0.1828,0.09,,2009-03,,,0.1827,2009-03,116.41M,116.55M,0.07,,2009-03,AOR,Restated
2008-12,443.90M,443.90M,237.20M,206.69M,118.60M,22.41M,,-23.27M,,,,,141.01M,65.68M,,,,-23.27M,,36.40M,7.558M,28.85M,1.817M,,30.66M,19.54M,38.41M,,2008-12,0.25,,0.4074,0.26,,2008-12,,,0.4067,2008-12,117.17M,117.66M,0.07,,2008-12,,Restated
2008-09,505.12M,505.12M,293.96M,211.16M,131.12M,27.53M,,-7.957M,,,,,158.64M,52.52M,,,,-7.957M,,39.25M,-4.506M,43.76M,8.144M,,51.90M,25.16M,52.52M,,2008-09,0.37,,0.4137,0.44,,2008-09,,,0.4132,2008-09,118.35M,119.61M,0.07,,2008-09,,
2008-06,504.96M,504.96M,289.94M,215.03M,141.75M,28.92M,,0.275M,5.746M,0.827M,-4.919M,,170.67M,44.36M,0.827M,5.746M,-4.919M,0.275M,-4.919M,39.71M,10.12M,29.59M,-5.886M,,23.71M,21.54M,45.46M,,2008-06,0.25,,0.2483,0.20,,2008-06,,,0.2483,2008-06,117.81M,119.26M,0.07,,2008-06,,Restated
2008-03,482.34M,482.34M,284.77M,197.58M,132.08M,29.12M,,-0.35M,,,,,161.20M,36.38M,,,,-0.35M,,31.07M,7.649M,23.42M,-3.285M,,20.14M,22.37M,36.38M,,2008-03,0.20,,0.2022,0.00,,2008-03,,,0.2022,2008-03,117.30M,118.46M,0.07,,2008-03,,
2007-12,511.47M,511.47M,297.90M,213.57M,126.88M,28.77M,,-8.103M,,,,0.00,155.66M,57.92M,,,,-8.103M,,45.68M,-8.929M,54.61M,-2.048M,,52.56M,20.98M,57.92M,,2007-12,0.47,,0.5153,0.45,,2007-12,,,0.5039,2007-12,116.37M,119.85M,0.07,,2007-12,,
2007-09,435.67M,435.67M,257.17M,178.50M,106.41M,27.69M,,-0.803M,,,,,134.10M,44.40M,,,,-0.803M,,40.56M,9.454M,31.10M,-0.357M,,30.74M,19.50M,44.40M,,2007-09,0.26,,0.2652,0.26,,2007-09,,,0.2652,2007-09,117.58M,119.45M,0.07,,2007-09,,
2007-06,437.29M,437.29M,263.31M,173.98M,109.36M,27.32M,,9.785M,,,,-15.35M,121.33M,52.65M,,,,9.785M,,44.67M,11.37M,33.30M,0.384M,,33.69M,19.82M,52.65M,,2007-06,0.28,,0.2187,0.28,,2007-06,,,0.2196,2007-06,118.91M,120.69M,0.07,,2007-06,,
2007-03,402.90M,402.90M,244.21M,158.69M,101.76M,27.84M,,-7.662M,,,,,129.61M,29.08M,,,,-7.662M,,20.38M,5.559M,14.82M,-0.127M,,14.69M,20.54M,29.08M,,2007-03,0.12,,0.1658,0.12,,2007-03,,,0.1652,2007-03,121.68M,123.26M,0.07,,2007-03,,
2006-12,426.99M,426.99M,248.13M,178.85M,99.68M,27.08M,,-0.412M,,,,3.246M,130.00M,48.85M,,,,-0.412M,,50.95M,9.885M,41.07M,0.659M,,41.73M,18.32M,48.85M,,2006-12,0.34,,0.3428,0.34,,2006-12,,,0.3327,2006-12,119.95M,121.22M,0.07,,2006-12,,
2006-09,386.92M,386.92M,230.98M,155.94M,94.66M,24.76M,,0.456M,,,,,119.43M,36.52M,,,,0.456M,,36.74M,7.823M,28.92M,0.838M,,29.75M,17.61M,36.52M,,2006-09,0.23,,0.2271,0.24,,2006-09,,,0.2271,2006-09,124.28M,125.17M,0.07,,2006-09,,
2006-06,377.00M,377.00M,225.41M,151.59M,92.66M,25.04M,,1.795M,,,,-1.505M,116.19M,35.40M,,,,1.795M,,33.88M,7.559M,26.32M,-1.835M,,24.48M,17.00M,35.40M,,2006-06,0.21,,0.1989,0.19,,2006-06,,,0.1991,2006-06,126.12M,127.40M,0.07,,2006-06,,
2006-03,355.45M,355.45M,213.77M,141.69M,89.85M,22.84M,,-0.894M,,,,,112.70M,28.99M,,,,-0.894M,,29.16M,7.145M,22.02M,1.597M,,23.62M,16.55M,28.99M,,2006-03,0.17,,0.1753,0.19,,2006-03,,,0.1752,2006-03,127.92M,129.72M,0.07,,2006-03,,
2005-12,387.66M,387.66M,222.82M,164.84M,88.02M,21.02M,,-55.84M,,,,-1.438M,107.60M,57.24M,,,,-55.84M,,-3.321M,2.78M,-6.101M,193.65M,,187.55M,64.76M,57.24M,,2005-12,-0.05,,0.2064,1.45,,2005-12,,,0.2026,2005-12,130.68M,132.64M,0.07,,2005-12,,
2005-09,359.98M,359.98M,209.70M,150.28M,87.90M,21.68M,,0.81M,,,,-0.461M,109.12M,41.17M,,,,0.81M,,35.12M,8.65M,26.47M,5.364M,,31.83M,21.62M,41.17M,,2005-09,0.20,,0.1953,0.25,,2005-09,,,0.1954,2005-09,129.54M,131.29M,0.07,,2005-09,,
2005-06,368.02M,368.02M,216.89M,151.12M,92.71M,22.08M,,-15.21M,,,,0.397M,115.19M,35.93M,,,,-15.21M,,14.24M,-16.32M,30.56M,-1.664M,,28.90M,19.87M,35.93M,,2005-06,0.24,,0.3107,0.22,,2005-06,,,0.2998,2005-06,129.03M,130.72M,0.07,,2005-06,,
2005-03,358.17M,358.17M,209.88M,148.29M,96.83M,22.59M,,-0.846M,,,,,119.42M,28.87M,,,,-0.846M,,20.62M,5.017M,15.60M,4.227M,,19.83M,18.13M,28.87M,,2005-03,0.12,,0.1250,0.15,,2005-03,,,0.1249,2005-03,128.83M,131.06M,0.07,,2005-03,,
2004-12,400.69M,400.69M,249.22M,151.47M,97.50M,21.61M,,-3.994M,,,,-2.591M,95.86M,55.61M,,,,-3.994M,,41.02M,9.621M,31.39M,6.529M,,37.92M,20.09M,55.61M,,2004-12,0.25,,0.2734,0.29,,2004-12,,,0.2733,2004-12,130.86M,131.46M,0.07,,2004-12,,
2004-09,341.60M,341.60M,198.57M,143.03M,83.43M,20.44M,6.92M,0.398M,,,,,110.78M,32.25M,,,,0.398M,,24.22M,5.825M,18.39M,5.62M,,24.01M,13.96M,32.25M,,2004-09,0.14,,0.1376,0.19,,2004-09,,,0.1377,2004-09,127.56M,129.40M,0.07,,2004-09,,
2004-06,412.08M,412.08M,245.51M,166.57M,97.21M,21.54M,7.077M,-0.944M,,,,,125.83M,40.74M,,,,-0.944M,,30.88M,8.704M,22.18M,-1.344M,,20.84M,19.96M,40.74M,,2004-06,0.17,,0.1753,0.16,,2004-06,,,0.1752,2004-06,127.12M,129.36M,0.07,,2004-06,,
2004-03,392.61M,392.61M,239.98M,152.63M,95.76M,20.20M,7.101M,0.363M,,,,-0.363M,122.70M,29.93M,,,,0.363M,,20.38M,6.128M,14.26M,-0.986M,,13.27M,21.69M,29.93M,,2004-03,0.10,,0.0980,0.10,,2004-03,,,0.0980,2004-03,126.68M,128.93M,0.07,,2004-03,,
2003-12,435.04M,435.04M,251.91M,183.14M,104.68M,21.68M,7.106M,-52.01M,,,,-0.617M,132.85M,50.28M,,,,-52.01M,,39.47M,11.46M,24.77M,3.163M,,27.93M,23.52M,50.28M,,2003-12,0.16,,0.4544,0.22,,2003-12,,,0.4354,2003-12,125.33M,133.97M,0.07,,2003-12,,
2003-09,366.18M,366.18M,213.24M,152.94M,91.54M,19.66M,7.013M,0.19M,,,,-0.369M,117.85M,35.10M,,,,0.19M,,21.63M,6.863M,14.77M,-0.50M,,14.27M,21.54M,35.10M,,2003-09,0.12,,0.1190,0.11,,2003-09,,,0.1190,2003-09,126.29M,128.03M,0.07,,2003-09,,
2003-06,377.12M,377.12M,224.54M,152.58M,97.48M,21.88M,7.043M,3.836M,,,,-1.108M,125.29M,27.30M,,,,3.836M,,15.86M,5.155M,10.71M,-2.31M,,8.398M,23.06M,27.30M,,2003-06,0.09,,0.0694,0.07,,2003-06,,,0.0596,2003-06,125.71M,126.90M,0.07,,2003-06,,
2003-03,358.45M,358.45M,219.28M,139.17M,92.88M,20.85M,7.195M,1.025M,,,,-0.58M,120.35M,18.82M,,,,1.025M,,4.921M,1.599M,3.322M,-0.96M,,2.362M,21.67M,18.82M,,2003-03,0.03,,0.0245,0.02,,2003-03,,,0.0245,2003-03,125.65M,126.38M,0.07,,2003-03,,
2002-12,409.58M,409.58M,241.08M,168.50M,87.05M,21.54M,,-32.56M,,,,,131.70M,36.80M,,,,-32.56M,,-0.975M,-1.673M,0.698M,-3.326M,0.00,-2.628M,24.57M,36.80M,,2002-12,0.22,,0.3747,-0.02,,2002-12,0.0017,,0.3747,2002-12,126.27M,126.27M,0.07,,2002-12,,
2002-09,366.01M,366.01M,219.26M,146.76M,109.56M,20.50M,,-4.731M,,,,,130.06M,16.69M,,,,-4.731M,,11.96M,2.213M,9.75M,-2.604M,,7.146M,27.54M,16.69M,,2002-09,0.06,,0.0905,0.06,,2002-09,,,0.0904,2002-09,126.24M,126.78M,0.07,,2002-09,,
2002-06,383.10M,383.10M,223.20M,159.90M,112.83M,22.60M,7.057M,,,,,,142.49M,17.41M,,,,,,8.987M,2.912M,6.075M,-15.17M,,-9.096M,21.19M,17.41M,,2002-06,0.05,,0.05,-0.07,,2002-06,,,0.05,2002-06,124.90M,125.56M,0.07,,2002-06,,
2002-03,305.08M,305.08M,197.58M,107.49M,109.40M,22.26M,,-15.33M,,,,1.50M,133.16M,-25.67M,,,,-15.33M,,-39.50M,-10.22M,-29.28M,3.324M,,-29.56M,22.81M,-25.67M,,2002-03,-0.23,-0.0288,-0.1390,-0.24,,2002-03,,-0.0288,-0.1390,2002-03,124.86M,124.86M,0.07,,2002-03,,
2001-12,210.70M,210.70M,99.17M,111.52M,117.82M,20.23M,,-71.70M,,,,,138.04M,-26.52M,,,,-71.70M,,-98.22M,-8.457M,-89.76M,40.14M,,-49.62M,6.869M,-26.52M,,2001-12,-0.88,,-0.3167,-0.51,,2001-12,,,-0.3283,2001-12,116.33M,118.78M,0.07,,2001-12,,
2001-09,348.32M,348.32M,192.65M,155.67M,87.00M,18.49M,,-1.986M,,,,,105.49M,50.19M,,,,-1.986M,,48.20M,14.22M,33.99M,-2.767M,,31.22M,23.71M,50.19M,,2001-09,0.33,,0.3438,0.30,,2001-09,,,0.3434,2001-09,101.13M,104.34M,0.07,,2001-09,,
2001-06,390.81M,390.81M,215.89M,174.92M,106.42M,20.36M,,-2.463M,,,,-4.461M,122.32M,52.60M,,,,-2.463M,,45.68M,14.80M,30.88M,-1.467M,,29.41M,26.31M,52.60M,,2001-06,0.31,,0.3265,0.29,,2001-06,,,0.3160,2001-06,100.62M,104.10M,0.07,,2001-06,,
2001-03,425.70M,425.70M,246.80M,178.89M,106.74M,23.86M,,-0.732M,,,,-3.887M,126.71M,52.19M,,,,-0.732M,,37.46M,13.96M,23.50M,,,23.50M,27.38M,52.19M,,2001-03,0.235,,0.2396,0.235,,2001-03,,,0.2294,2001-03,100.01M,104.10M,0.07,,2001-03,,
2000-12,734.21M,734.21M,372.82M,361.38M,147.69M,29.88M,,-5.003M,,,,,264.38M,97.00M,,,,-5.003M,,91.09M,34.80M,56.29M,-19.67M,,36.62M,37.51M,97.00M,,2000-12,0.62,,0.6509,0.33,,2000-12,,,0.6204,2000-12,100.07M,101.57M,0.07,,2000-12,,
2000-09,340.14M,340.14M,189.86M,150.28M,97.52M,18.55M,,-36.77M,,,,0.909M,116.98M,33.30M,,,,-36.77M,,-2.552M,7.723M,-10.28M,12.36M,,2.08M,13.92M,33.30M,,2000-09,-0.10,,0.1240,0.03,,2000-09,,,0.1145,2000-09,98.50M,102.85M,0.07,,2000-09,,
2000-06,369.51M,369.51M,216.33M,153.18M,92.94M,19.42M,,0.55M,,,,-1.416M,110.94M,42.24M,,,,0.55M,,41.37M,11.36M,30.01M,1.108M,,31.12M,17.33M,42.24M,,2000-06,0.31,,0.3059,0.37,,2000-06,,,0.2961,2000-06,98.07M,101.59M,0.07,,2000-06,,
2000-03,402.29M,402.29M,246.72M,155.57M,95.68M,21.30M,,-3.522M,,,,-7.796M,109.18M,46.39M,,,,-3.522M,,27.31M,11.07M,16.24M,,,16.24M,18.96M,46.39M,,2000-03,0.17,,0.1918,0.17,,2000-03,,,0.1810,2000-03,96.93M,100.82M,0.07,,2000-03,,
1999-12,427.20M,427.20M,227.80M,199.40M,108.20M,21.20M,,-10.30M,,,,,143.30M,56.10M,,,,-10.30M,,45.70M,16.80M,28.90M,3.90M,,32.80M,13.90M,56.10M,,1999-12,0.295,,0.3649,0.35,,1999-12,,,0.3649,1999-12,93.19M,93.19M,0.07,,1999-12,,
1999-09,388.40M,388.40M,228.10M,160.30M,95.70M,20.30M,,-30.80M,,,,,138.50M,21.80M,,,,-30.80M,,-8.90M,-3.10M,-5.80M,109.60M,,103.80M,22.50M,21.80M,,1999-09,-0.065,,0.1545,1.135,,1999-09,,,0.1545,1999-09,91.45M,91.45M,0.07,,1999-09,,
1999-06,304.26M,304.26M,182.50M,121.76M,71.20M,16.30M,,-20.70M,,,,,105.40M,16.36M,,,,-20.70M,,-4.20M,-1.50M,-2.70M,6.30M,,3.60M,14.30M,16.36M,,1999-06,-0.03,,0.1179,0.04,,1999-06,,,0.1179,1999-06,90.00M,90.00M,0.07,,1999-06,,
1999-03,243.22M,243.22M,145.30M,97.92M,52.09M,13.40M,,-4.632M,,,,,80.89M,17.03M,,,,-4.632M,,12.40M,4.354M,8.042M,6.045M,,14.09M,15.40M,17.03M,,1999-03,0.09,,0.1231,0.155,,1999-03,,,0.1231,1999-03,90.88M,90.88M,0.07,,1999-03,,
1998-12,233.80M,233.80M,130.70M,103.10M,49.30M,13.60M,,-4.20M,,,,,77.60M,25.50M,,,,-4.20M,,21.20M,7.30M,13.90M,6.50M,,20.40M,14.70M,25.50M,,1998-12,0.145,,0.1765,0.235,,1998-12,,,0.1753,1998-12,87.54M,90.96M,0.07,,1998-12,,
1998-09,191.50M,191.50M,112.90M,78.60M,46.20M,10.40M,,3.50M,,,,,68.50M,10.10M,,,,3.50M,,13.60M,4.90M,8.70M,6.70M,,15.40M,11.40M,10.10M,,1998-09,0.095,,0.0703,0.17,,1998-09,,,0.0710,1998-09,90.59M,93.33M,0.07,,1998-09,,
1998-06,209.40M,209.40M,125.50M,83.90M,53.30M,10.90M,,30.30M,,,,,75.30M,8.60M,,,,30.30M,,39.00M,11.20M,27.80M,3.90M,,31.70M,10.20M,8.60M,,1998-06,0.305,,0.0699,0.345,,1998-06,,,0.0683,1998-06,91.88M,93.24M,0.07,,1998-06,,
