,OperatingRevenue,Revenue,CostofGoodsSold,GrossProfit,SG&AExpense,ResearchandDevelopmentExpense,AmortizationExpense,SpecialIncomeandCharges,OperatingInterestExpense,OperatingInterestIncome,NetOperatingInterestIncome,OtherOperatingExpenses,TotalOperatingExpenses,OperatingIncome,Non-OperatingInterestIncome,Non-OperatingInterestExpense,NetNon-OperatingInterestIncomeExpense,OtherIncomeandExpenses,NetInterestIncome,Pre-TaxIncome,ProvisionforIncomeTaxes,IncomefromContinuingOperations,IncomefromDiscontinuedOperations,"ExtraordinaryItems,IncomeStatement",NetIncome,ReconciledDepreciation,EBIT,,BasicEPS(Quarterly),EPSBasicfromContinuingOperations,NormalizedBasicEPS,EPSBasic,,DilutedEPS(Quarterly),EPSDilutedfromContinuingOperations,NormalizedDilutedEPS,EPSDiluted,,AverageDilutedSharesOutstanding,DividendPerShare,,SECFilingLinks,AsOriginallyReported,Restated
2020-09,819.48M,819.48M,360.56M,458.93M,115.84M,94.91M,6.219M,27.70M,6.237M,1.071M,-5.166M,,216.97M,241.96M,1.071M,6.237M,-5.166M,26.94M,-5.166M,263.73M,41.01M,222.72M,,,222.72M,30.15M,269.97M,,2020-09,1.34,1.199,1.34,,2020-09,1.21,1.083,1.21,,184.34M,0.10,,2020-09,AOR,
2020-06,838.66M,838.66M,367.19M,471.47M,113.26M,94.10M,8.941M,-37.22M,6.043M,1.368M,-4.675M,,216.30M,255.17M,1.368M,6.043M,-4.675M,-33.20M,-4.675M,217.29M,28.38M,188.91M,,,188.91M,32.66M,223.33M,,2020-06,1.14,1.335,1.14,,2020-06,1.05,1.229,1.05,,180.26M,0.10,,2020-06,AOR,
2020-03,704.36M,704.36M,298.80M,405.55M,111.39M,85.16M,9.891M,7.606M,5.551M,2.751M,-2.80M,,206.44M,199.11M,2.751M,5.551M,-2.80M,0.757M,-2.80M,197.07M,20.88M,176.19M,,,176.19M,31.88M,202.62M,,2020-03,1.06,1.019,1.06,,2020-03,0.97,0.9324,0.97,,180.74M,0.10,,2020-03,AOR,
2019-12,654.65M,654.65M,271.41M,383.24M,117.09M,86.79M,9.784M,2.088M,6.299M,10.98M,4.681M,,213.67M,169.57M,10.98M,6.299M,4.681M,-25.36M,4.681M,148.88M,23.81M,125.07M,,,125.07M,32.30M,155.18M,,2019-12,0.82,0.8095,0.82,,2019-12,0.75,0.7404,0.75,,181.78M,0.09,,2019-12,AOR,
2019-09,582.04M,582.04M,237.00M,345.04M,109.17M,77.80M,9.647M,6.50M,5.463M,4.433M,-1.03M,,196.62M,148.42M,4.433M,5.463M,-1.03M,4.342M,-1.03M,151.73M,15.87M,135.86M,,,135.86M,29.50M,157.20M,,2019-09,0.80,0.7657,0.80,,2019-09,0.75,0.7178,0.75,,180.49M,0.09,,2019-09,AOR,Restated
2019-06,564.18M,564.18M,240.26M,323.92M,108.81M,81.43M,10.08M,10.40M,5.80M,4.384M,-1.416M,,200.33M,123.59M,4.384M,5.80M,-1.416M,9.003M,-1.416M,131.18M,33.78M,97.40M,,,97.40M,29.26M,136.98M,,2019-06,0.57,0.5249,0.57,,2019-06,0.55,0.5068,0.55,,178.59M,0.09,,2019-06,AOR,Restated
2019-03,494.10M,494.10M,206.46M,287.64M,102.01M,76.79M,10.63M,-5.112M,5.52M,4.989M,-0.531M,,189.44M,98.20M,4.989M,5.52M,-0.531M,-3.687M,-0.531M,93.98M,-15.16M,109.14M,,,109.14M,29.59M,99.50M,,2019-03,0.63,0.6515,0.63,,2019-03,0.62,0.6411,0.62,,176.97M,0.09,,2019-03,AOR,Restated
2018-12,519.56M,519.56M,210.02M,309.54M,100.55M,74.71M,10.56M,-11.45M,13.18M,9.084M,-4.098M,,185.82M,123.72M,9.084M,13.18M,-4.098M,-8.493M,-4.098M,111.13M,-32.66M,143.79M,,,143.79M,30.38M,124.31M,,2018-12,0.80,0.8467,0.80,,2018-12,0.79,0.8360,0.79,,181.52M,0.09,,2018-12,AOR,Restated
2018-09,566.85M,566.85M,233.16M,333.69M,100.20M,77.05M,11.14M,-1.71M,5.557M,6.213M,0.656M,,188.39M,145.30M,6.213M,5.557M,0.656M,-5.115M,0.656M,140.84M,20.86M,119.98M,,,119.98M,29.51M,146.40M,,2018-09,0.65,0.6578,0.65,,2018-09,0.63,0.6376,0.63,,190.50M,0.09,,2018-09,AOR,Restated
2018-06,526.93M,526.93M,219.60M,307.33M,99.41M,75.34M,9.793M,-2.389M,5.639M,5.427M,-0.212M,,184.54M,122.79M,5.427M,5.639M,-0.212M,-2.565M,-0.212M,120.01M,18.98M,101.04M,,,101.04M,27.79M,125.65M,,2018-06,0.53,0.5405,0.53,,2018-06,0.52,0.5303,0.52,,194.91M,0.09,,2018-06,AOR,Restated
2018-03,487.47M,487.47M,217.64M,269.83M,90.50M,74.41M,7.698M,0.313M,6.89M,5.981M,-0.909M,,172.61M,97.22M,5.981M,6.89M,-0.909M,-0.492M,-0.909M,95.82M,8.846M,86.97M,,,86.97M,25.54M,102.71M,,2018-03,0.45,0.4485,0.45,,2018-03,0.43,0.4286,0.43,,203.48M,0.09,,2018-03,AOR,Restated
2017-12,479.42M,479.42M,208.49M,270.93M,87.88M,72.07M,7.385M,-8.97M,5.38M,6.476M,1.096M,,167.33M,103.60M,6.476M,5.38M,1.096M,-6.608M,1.096M,98.08M,204.01M,-105.92M,,,-105.92M,26.52M,103.46M,,2017-12,-0.54,-0.5125,-0.54,,2017-12,-0.54,-0.5134,-0.54,,202.32M,0.07,,2017-12,AOR,Restated
2017-09,503.38M,503.38M,208.51M,294.87M,86.13M,76.99M,7.028M,4.407M,5.372M,4.517M,-0.855M,,170.14M,124.72M,4.517M,5.372M,-0.855M,3.567M,-0.855M,127.44M,24.02M,103.42M,,,103.42M,26.67M,132.81M,,2017-09,0.52,0.5019,0.52,,2017-09,0.52,0.5022,0.52,,200.78M,0.07,,2017-09,AOR,Restated
2017-06,696.90M,696.90M,306.26M,390.64M,90.11M,82.27M,8.166M,-2.288M,5.509M,3.292M,-2.217M,,180.55M,210.09M,3.292M,5.509M,-2.217M,-0.997M,-2.217M,206.88M,31.90M,174.98M,,,174.98M,27.67M,212.39M,,2017-06,0.88,0.8897,0.88,,2017-06,0.87,0.8796,0.87,,201.53M,0.07,,2017-06,AOR,Restated
2017-03,456.91M,456.91M,191.90M,265.02M,84.79M,75.98M,7.952M,-2.511M,5.402M,3.52M,-1.882M,,168.72M,96.29M,3.52M,5.402M,-1.882M,-2.396M,-1.882M,92.02M,6.795M,85.22M,,,85.22M,27.21M,97.42M,,2017-03,0.43,0.4416,0.43,,2017-03,0.42,0.4315,0.42,,201.94M,0.07,,2017-03,AOR,Restated
2016-12,379.99M,379.99M,161.94M,218.05M,77.15M,71.19M,7.923M,-5.57M,1.603M,3.095M,1.492M,,156.26M,61.79M,3.095M,1.603M,1.492M,-4.394M,1.492M,58.88M,-7.461M,66.35M,,,66.35M,25.30M,60.49M,,2016-12,0.33,0.3466,0.33,,2016-12,0.33,0.3466,0.33,,200.81M,0.06,,2016-12,AOR,Restated
2016-09,410.48M,410.48M,183.12M,227.36M,78.79M,71.40M,8.487M,-12.18M,0.633M,2.892M,2.259M,,158.68M,68.68M,2.892M,0.633M,2.259M,-11.26M,2.259M,59.68M,-4.113M,63.79M,,,63.79M,25.36M,60.31M,,2016-09,0.32,0.3761,0.32,,2016-09,0.31,0.3656,0.31,,203.93M,0.06,,2016-09,AOR,Restated
2016-06,531.79M,531.79M,248.92M,282.87M,81.42M,76.11M,16.24M,-340.89M,0.691M,1.666M,0.975M,,173.78M,109.09M,1.666M,0.691M,0.975M,-340.88M,0.975M,-230.82M,-7.271M,-223.55M,,,-223.55M,32.69M,-230.13M,,2016-06,-1.10,0.5254,-1.10,,2016-06,-1.10,0.5254,-1.10,,203.02M,0.06,,2016-06,AOR,Restated
2016-03,430.99M,430.99M,200.66M,230.33M,79.17M,73.46M,19.99M,-1.587M,0.71M,1.642M,0.932M,,172.63M,57.70M,1.642M,0.71M,0.932M,-1.44M,0.932M,57.19M,7.206M,49.99M,,,49.99M,36.66M,57.90M,,2016-03,0.24,0.2468,0.24,,2016-03,0.24,0.2467,0.24,,205.73M,0.06,,2016-03,AOR,Restated
2015-12,318.44M,318.44M,152.42M,166.03M,79.72M,70.94M,19.91M,-5.204M,0.762M,2.016M,1.254M,,170.57M,-4.544M,2.016M,0.762M,1.254M,-5.567M,1.254M,-8.857M,-8.216M,-0.641M,,,-0.641M,36.08M,-8.095M,,2015-12,-0.0031,0.0121,-0.0031,,2015-12,-0.0031,0.0119,-0.0031,,207.24M,0.06,,2015-12,AOR,Restated
2015-09,465.99M,465.99M,207.37M,258.63M,77.48M,74.03M,20.05M,-0.261M,0.508M,1.708M,1.20M,,171.56M,87.06M,1.708M,0.508M,1.20M,-0.857M,1.20M,87.41M,15.96M,71.45M,,,71.45M,37.06M,87.92M,,2015-09,0.34,0.3410,0.34,,2015-09,0.34,0.3410,0.34,,211.74M,0.06,,2015-09,AOR,Restated
2015-06,512.74M,512.74M,214.17M,298.57M,77.07M,75.83M,15.26M,0.385M,0.444M,1.674M,1.23M,,168.16M,130.40M,1.674M,0.444M,1.23M,0.501M,1.23M,132.14M,29.26M,102.88M,,,102.88M,33.14M,132.58M,,2015-06,0.48,0.4786,0.48,,2015-06,0.48,0.4786,0.48,,215.50M,0.06,,2015-06,AOR,Restated
2015-03,342.40M,342.40M,149.98M,192.42M,72.04M,71.45M,13.81M,0.00,0.162M,1.816M,1.654M,,157.30M,35.12M,1.816M,0.162M,1.654M,5.66M,1.654M,42.44M,9.651M,32.79M,,,32.79M,34.48M,42.60M,,2015-03,0.15,0.15,0.15,,2015-03,0.15,0.15,0.15,,218.81M,0.06,,2015-03,AOR,Restated
2014-12,323.24M,323.24M,163.01M,160.23M,91.16M,79.19M,15.96M,-100.10M,0.214M,2.035M,1.821M,,186.30M,-26.08M,2.035M,0.214M,1.821M,-100.56M,1.821M,-124.81M,-21.00M,-103.81M,,,-103.81M,37.59M,-124.60M,,2014-12,-0.48,-0.0955,-0.48,,2014-12,-0.48,-0.0995,-0.48,,218.82M,0.06,,2014-12,AOR,Restated
2014-09,478.01M,478.01M,216.89M,261.12M,73.06M,71.95M,18.27M,0.405M,0.144M,1.922M,1.778M,,163.29M,97.83M,1.922M,0.144M,1.778M,1.059M,1.778M,100.67M,17.72M,82.95M,,,82.95M,38.18M,100.81M,,2014-09,0.40,0.3984,0.40,,2014-09,0.38,0.3785,0.38,,218.33M,0.06,,2014-09,AOR,Restated
2014-06,525.57M,525.57M,235.15M,290.41M,77.49M,73.41M,18.27M,-0.572M,0.159M,1.266M,1.107M,,169.17M,121.24M,1.266M,0.159M,1.107M,-0.954M,1.107M,121.39M,20.19M,101.20M,,,101.20M,37.59M,121.55M,,2014-06,0.52,0.5225,0.52,,2014-06,0.47,0.4722,0.47,,216.57M,0.06,,2014-06,AOR,Restated
2014-03,321.01M,321.01M,153.96M,167.05M,78.00M,67.08M,18.27M,,6.417M,1.036M,-5.381M,,163.36M,3.688M,1.036M,6.417M,-5.381M,-0.18M,-5.381M,-1.873M,-2.802M,0.929M,,,0.929M,39.18M,4.544M,,2014-03,0.0048,0.0048,0.0048,,2014-03,0.0039,0.0039,0.0039,,236.48M,,,2014-03,AOR,Restated
2013-12,285.30M,285.30M,125.44M,159.86M,69.52M,64.61M,18.28M,-0.60M,5.835M,1.206M,-4.629M,,152.42M,7.437M,1.206M,5.835M,-4.629M,32.63M,-4.629M,35.44M,13.10M,22.34M,,,22.34M,39.32M,41.27M,,2013-12,0.12,0.1220,0.12,,2013-12,0.09,0.0916,0.09,,236.90M,,,2013-12,AOR,Restated
2013-09,433.38M,433.38M,179.08M,254.29M,72.92M,68.92M,18.06M,-0.889M,6.902M,0.948M,-5.954M,,159.90M,94.40M,0.948M,6.902M,-5.954M,-0.889M,-5.954M,87.55M,18.09M,69.46M,,,69.46M,37.76M,94.45M,,2013-09,0.36,0.3637,0.36,,2013-09,0.29,0.2930,0.29,,235.83M,,,2013-09,AOR,Restated
2013-06,428.89M,428.89M,187.66M,241.23M,69.23M,67.77M,18.06M,-0.259M,6.454M,0.903M,-5.551M,,155.07M,86.17M,0.903M,6.454M,-5.551M,-0.259M,-5.551M,80.36M,13.80M,66.56M,,,66.56M,36.49M,86.81M,,2013-06,0.35,0.3511,0.35,,2013-06,0.28,0.2809,0.28,,234.91M,,,2013-06,AOR,Restated
2013-03,280.37M,280.37M,126.95M,153.42M,67.89M,62.75M,18.04M,-0.332M,6.906M,1.072M,-5.834M,,148.68M,4.74M,1.072M,6.906M,-5.834M,-0.332M,-5.834M,-1.426M,-8.015M,6.589M,,,6.589M,37.12M,5.48M,,2013-03,0.0347,0.0359,0.0347,,2013-03,0.0281,0.0290,0.0281,,234.76M,,,2013-03,AOR,Restated
2012-12,248.40M,248.40M,123.00M,125.40M,69.29M,62.81M,18.22M,0.317M,5.998M,1.256M,-4.742M,,150.32M,-24.91M,1.256M,5.998M,-4.742M,-0.631M,-4.742M,-30.28M,-13.74M,-16.54M,,,-16.54M,38.34M,-24.29M,,2012-12,-0.09,-0.0911,-0.09,,2012-12,-0.09,-0.0909,-0.09,,230.98M,,,2012-12,AOR,Restated
2012-09,463.39M,463.39M,203.19M,260.20M,69.03M,63.95M,18.43M,-0.683M,6.154M,1.067M,-5.087M,,151.40M,108.80M,1.067M,6.154M,-5.087M,-0.683M,-5.087M,103.02M,14.38M,88.64M,,,88.64M,37.86M,109.18M,,2012-09,0.47,0.4731,0.47,,2012-09,0.39,0.3926,0.39,,229.21M,,,2012-09,AOR,Restated
2012-06,548.28M,548.28M,238.78M,309.51M,72.06M,67.83M,18.43M,6.262M,6.323M,0.874M,-5.449M,,158.33M,151.18M,0.874M,6.323M,-5.449M,6.262M,-5.449M,151.99M,40.60M,111.39M,,,111.39M,35.22M,158.32M,,2012-06,0.60,0.5755,0.60,,2012-06,0.49,0.4701,0.49,,229.65M,,,2012-06,AOR,Restated
2012-03,396.67M,396.67M,205.74M,190.93M,66.63M,61.28M,18.43M,1.825M,6.059M,0.893M,-5.166M,,146.34M,44.58M,0.893M,6.059M,-5.166M,1.825M,-5.166M,41.24M,7.68M,33.56M,,,33.56M,34.10M,47.30M,,2012-03,0.18,0.1720,0.18,,2012-03,0.15,0.1436,0.15,,231.15M,,,2012-03,AOR,Restated
2011-12,296.99M,296.99M,163.11M,133.88M,61.71M,59.59M,19.13M,-3.586M,6.134M,0.878M,-5.256M,,140.43M,-6.549M,0.878M,6.134M,-5.256M,-3.586M,-5.256M,-15.39M,-144.62M,129.23M,-0.158M,,129.07M,37.42M,-9.257M,,2011-12,0.68,0.6927,0.68,,2011-12,0.56,0.5705,0.56,,222.86M,,,2011-12,AOR,Restated
2011-09,344.39M,344.39M,174.02M,170.37M,54.78M,45.90M,6.754M,-1.465M,6.068M,3.049M,-3.019M,,107.42M,62.95M,3.049M,6.068M,-3.019M,-1.465M,-3.019M,58.46M,1.759M,56.71M,0.00,,56.71M,22.80M,64.53M,,2011-09,0.31,0.3177,0.31,,2011-09,0.26,0.2664,0.26,,221.89M,,,2011-09,AOR,Restated
2011-06,410.52M,410.52M,195.84M,214.68M,57.88M,48.39M,7.291M,-1.279M,5.316M,1.403M,-3.913M,,113.56M,101.12M,1.403M,5.316M,-3.913M,-1.279M,-3.913M,95.92M,7.839M,88.08M,-0.832M,,87.25M,23.05M,101.24M,,2011-06,0.48,0.4863,0.47,,2011-06,0.38,0.3851,0.38,,230.45M,,,2011-06,AOR,Restated
2011-03,377.16M,377.16M,184.27M,192.89M,57.73M,47.14M,7.291M,-0.413M,6.176M,1.287M,-4.889M,,112.17M,80.73M,1.287M,6.176M,-4.889M,-0.413M,-4.889M,75.42M,5.486M,69.94M,26.91M,,96.84M,23.41M,81.60M,,2011-03,0.38,0.3821,0.52,,2011-03,0.30,0.3016,0.42,,232.08M,,,2011-03,AOR,Restated
2010-12,310.16M,310.16M,145.16M,165.01M,52.36M,45.54M,7.291M,3.097M,4.756M,-0.128M,-4.884M,,105.18M,59.82M,-0.128M,4.756M,-4.884M,3.097M,-4.884M,58.04M,-4.254M,62.29M,2.942M,,65.23M,19.44M,62.79M,,2010-12,0.34,0.3289,0.36,,2010-12,0.29,0.2809,0.30,,220.02M,,,2010-12,AOR,Restated
2010-09,491.39M,491.39M,219.59M,271.80M,60.56M,49.05M,7.291M,1.977M,6.033M,1.466M,-4.567M,,116.90M,154.90M,1.466M,6.033M,-4.567M,1.977M,-4.567M,152.31M,6.606M,145.70M,1.636M,,147.34M,24.57M,158.34M,,2010-09,0.80,0.7896,0.81,,2010-09,0.65,0.6418,0.66,,229.39M,,,2010-09,AOR,Restated
2010-06,445.27M,445.27M,194.37M,250.90M,57.73M,49.34M,7.313M,-0.371M,7.755M,3.681M,-4.074M,,114.38M,136.52M,3.681M,7.755M,-4.074M,-0.371M,-4.074M,132.07M,9.543M,122.53M,-0.381M,,122.15M,24.38M,139.83M,,2010-06,0.68,0.6819,0.68,,2010-06,0.55,0.5515,0.55,,231.54M,,,2010-06,AOR,Restated
2010-03,319.34M,319.34M,149.46M,169.88M,54.69M,47.94M,7.356M,-0.904M,5.567M,0.502M,-5.065M,,109.98M,59.90M,0.502M,5.567M,-5.065M,-0.904M,-5.065M,53.93M,4.83M,49.10M,1.001M,,50.10M,25.13M,59.50M,,2010-03,0.28,0.2847,0.28,,2010-03,0.24,0.2436,0.24,,226.28M,,,2010-03,AOR,Restated
2009-12,267.06M,267.06M,142.67M,124.39M,51.49M,40.92M,7.629M,-0.069M,5.158M,0.497M,-4.661M,,100.04M,24.35M,0.497M,5.158M,-4.661M,-0.069M,-4.661M,19.62M,2.70M,16.92M,,,16.92M,27.12M,24.78M,,2009-12,0.10,0.1003,0.10,,2009-12,0.10,0.1003,0.10,,174.77M,,,2009-12,AOR,Restated
2009-09,262.16M,262.16M,155.41M,106.76M,46.31M,38.27M,8.214M,-5.189M,4.60M,1.003M,-3.597M,,92.79M,13.96M,1.003M,4.60M,-3.597M,-5.189M,-3.597M,5.175M,-1.50M,6.675M,,,6.675M,27.37M,9.775M,,2009-09,0.04,0.0593,0.04,,2009-09,0.04,0.0587,0.04,,180.79M,,,2009-09,AOR,Restated
2009-06,169.58M,169.58M,122.45M,47.13M,47.26M,38.45M,8.214M,-15.27M,8.046M,1.141M,-6.905M,,93.92M,-46.79M,1.141M,8.046M,-6.905M,-15.27M,-6.905M,-68.97M,-2.20M,-66.77M,,,-66.77M,26.10M,-60.92M,,2009-06,-0.39,-0.3046,-0.39,,2009-06,-0.39,-0.3046,-0.39,,173.02M,,,2009-06,AOR,Restated
2009-03,120.61M,120.61M,87.25M,33.36M,55.37M,47.20M,8.239M,-15.96M,5.83M,0.777M,-5.053M,,110.81M,-77.45M,0.777M,5.83M,-5.053M,-15.96M,-5.053M,-98.47M,-7.80M,-90.67M,,,-90.67M,25.49M,-92.64M,,2009-03,-0.53,-0.4446,-0.53,,2009-03,-0.53,-0.4446,-0.53,,172.13M,,,2009-03,AOR,Restated
2008-12,194.77M,194.77M,116.86M,77.91M,58.49M,52.69M,6.962M,-9.675M,8.371M,2.274M,-6.097M,,447.82M,-369.90M,2.274M,8.371M,-6.097M,-9.675M,-6.097M,-385.68M,-0.693M,-384.98M,0.00,,-384.98M,22.79M,-377.31M,,2008-12,-2.26,-2.203,-2.26,,2008-12,-2.26,-2.203,-2.26,,169.20M,,,2008-12,,Restated
2008-09,297.26M,297.26M,169.32M,127.93M,58.61M,52.97M,5.034M,-28.59M,5.851M,2.74M,-3.111M,,116.62M,11.31M,2.74M,5.851M,-3.111M,-28.59M,-3.111M,-20.39M,3.07M,-23.46M,0.768M,,-22.69M,23.18M,-14.54M,,2008-09,-0.14,-0.0299,-0.13,,2008-09,-0.14,-0.0299,-0.13,,168.77M,,,2008-09,,Restated
2008-06,317.70M,317.70M,163.86M,153.85M,65.46M,56.15M,4.774M,-12.73M,0.484M,2.932M,2.448M,,126.39M,27.46M,2.932M,0.484M,2.448M,-12.73M,2.448M,17.18M,6.10M,11.08M,,,11.08M,25.37M,17.66M,,2008-06,0.06,0.1081,0.06,,2008-06,0.06,0.1071,0.06,,174.10M,,,2008-06,,Restated
2008-03,297.32M,297.32M,158.81M,138.50M,65.22M,56.25M,3.863M,-11.78M,0.47M,4.612M,4.142M,,125.33M,13.17M,4.612M,0.47M,4.142M,-11.78M,4.142M,6.467M,4.10M,2.367M,,,2.367M,23.43M,6.937M,,2008-03,0.01,0.0541,0.01,,2008-03,0.01,0.0536,0.01,,175.72M,,,2008-03,,Restated
2007-12,260.42M,260.42M,141.85M,118.57M,63.53M,50.42M,,2.187M,,,,,111.13M,7.436M,,,,2.187M,,14.96M,-2.196M,17.15M,-0.449M,,16.70M,16.24M,7.436M,,2007-12,0.10,0.0918,0.09,,2007-12,0.10,0.0918,0.09,,173.83M,,,2007-12,,
2007-09,299.46M,299.46M,155.22M,144.25M,62.18M,52.24M,0.954M,3.119M,,,,,115.38M,28.87M,,,,3.119M,,39.92M,4.717M,35.20M,5.791M,,40.99M,16.38M,28.87M,,2007-09,0.19,0.1750,0.22,,2007-09,0.19,0.1752,0.22,,185.30M,,,2007-09,,
2007-06,288.71M,288.71M,151.49M,137.22M,62.76M,52.42M,,-0.568M,,,,,115.18M,22.04M,,,,-0.568M,,30.70M,3.454M,27.25M,0.408M,,27.65M,16.50M,22.04M,,2007-06,0.14,0.1427,0.15,,2007-06,0.14,0.1426,0.14,,191.40M,,,2007-06,,
2007-03,258.06M,258.06M,142.52M,115.54M,63.95M,50.20M,,-17.28M,,,,,114.15M,1.386M,,,,-17.28M,,-6.236M,1.40M,-7.636M,,,-7.636M,18.37M,1.386M,,2007-03,-0.04,0.0192,-0.04,,2007-03,-0.04,0.0192,-0.04,,189.62M,,,2007-03,,
2006-12,258.68M,258.68M,138.90M,119.79M,68.22M,48.24M,,-0.773M,,,,,116.47M,3.322M,,,,-0.773M,,12.88M,-0.005M,12.88M,-2.008M,,10.87M,17.84M,3.322M,,2006-12,0.08,0.0825,0.06,,2006-12,0.08,0.0824,0.06,,191.90M,,,2006-12,,
2006-09,354.72M,354.72M,180.33M,174.38M,70.45M,51.79M,,15.11M,,,,,122.24M,52.14M,,,,15.11M,,76.19M,9.866M,66.32M,-5.758M,,60.56M,18.32M,52.14M,,2006-09,0.34,0.2720,0.31,,2006-09,0.34,0.2757,0.31,,204.55M,,,2006-09,,
2006-06,386.82M,386.82M,196.24M,190.58M,73.91M,51.84M,,20.60M,,,,,125.75M,64.82M,,,,20.60M,,93.61M,9.42M,84.19M,-1.782M,,82.40M,17.83M,64.82M,,2006-06,0.42,0.3266,0.42,,2006-06,0.41,0.3219,0.40,,210.36M,,,2006-06,,
2006-03,362.91M,362.91M,192.28M,170.64M,72.18M,52.19M,,1.097M,,,,,124.38M,46.26M,,,,1.097M,,53.47M,8.555M,44.91M,,,44.91M,19.54M,46.26M,,2006-03,0.23,0.2253,0.23,,2006-03,0.23,0.2254,0.23,,199.56M,,,2006-03,,
2005-12,315.02M,315.02M,171.56M,143.46M,54.15M,43.13M,,10.39M,,,,,97.28M,46.18M,,,,10.39M,,58.56M,-27.86M,86.43M,137.64M,,224.06M,0.192M,46.18M,,2005-12,0.45,0.4183,1.14,,2005-12,0.45,0.4183,1.14,,196.92M,,,2005-12,,
2005-09,293.57M,293.57M,204.42M,89.16M,62.64M,53.70M,,-13.80M,,,,,116.34M,-27.18M,,,,-13.80M,,-41.06M,2.788M,-43.85M,8.475M,,-35.38M,42.38M,-27.18M,,2005-09,-0.22,-0.1779,-0.18,,2005-09,-0.22,-0.1779,-0.18,,196.84M,,,2005-09,,
2005-06,226.15M,226.15M,141.38M,84.77M,64.88M,58.17M,,-7.883M,,,,,123.05M,-38.28M,,,,-7.883M,,-46.47M,4.308M,-50.78M,5.314M,,-45.46M,25.97M,-38.28M,,2005-06,-0.26,-0.2358,-0.23,,2005-06,-0.26,-0.2358,-0.23,,195.76M,,,2005-06,,
2005-03,210.36M,210.36M,132.69M,77.67M,64.32M,61.38M,,-6.358M,,,,,125.70M,-48.03M,,,,-6.358M,,-54.41M,1.038M,-55.45M,2.879M,,-52.57M,22.63M,-48.03M,,2005-03,-0.28,-0.2605,-0.28,,2005-03,-0.28,-0.2605,-0.28,,195.62M,,,2005-03,,
2004-12,-4.644M,-4.644M,-74.46M,69.82M,47.90M,51.12M,,-0.581M,,,,,99.88M,-30.06M,,,,-0.581M,,-29.76M,-0.495M,-29.27M,,,3.348M,3.658M,-30.06M,,2004-12,-0.15,-0.1471,0.02,,2004-12,-0.15,-0.1471,0.02,,195.59M,,,2004-12,,
2004-09,457.80M,457.80M,269.34M,188.46M,70.27M,67.24M,,0.046M,,,,,137.51M,50.94M,,,,0.046M,,50.08M,8.928M,41.15M,,,41.15M,31.86M,50.94M,,2004-09,0.21,0.2098,0.21,,2004-09,0.21,0.2098,0.21,,195.75M,,,2004-09,,
2004-06,526.46M,526.46M,299.84M,226.63M,69.99M,66.91M,,1.139M,,,,-0.865M,136.04M,90.59M,,,,1.139M,,89.44M,8.944M,80.49M,,,80.49M,33.49M,90.59M,,2004-06,0.41,0.4047,0.41,,2004-06,0.39,0.3852,0.39,,213.49M,,,2004-06,,
2004-03,430.60M,430.60M,254.63M,175.98M,66.24M,64.69M,,0.721M,,,,,130.94M,45.04M,,,,0.721M,,44.72M,4.472M,40.25M,,,40.25M,31.12M,45.04M,,2004-03,0.20,0.1967,0.20,,2004-03,0.20,0.1968,0.20,,199.89M,,,2004-03,,
2003-12,357.59M,357.59M,229.96M,127.64M,60.49M,60.96M,,-13.43M,,,,,121.45M,6.184M,,,,-13.43M,,-8.792M,2.70M,-11.49M,,,-11.49M,36.74M,6.184M,,2003-12,-0.05,-0.0084,-0.05,,2003-12,-0.05,-0.0094,-0.05,,198.70M,,,2003-12,,
2003-09,329.17M,329.17M,230.62M,98.55M,60.06M,61.25M,,-26.56M,,,,,121.31M,-22.76M,,,,-26.56M,,-51.31M,2.20M,-53.51M,,,-53.51M,36.78M,-22.76M,,2003-09,-0.28,-0.1959,-0.28,,2003-09,-0.28,-0.1959,-0.28,,189.48M,,,2003-09,,
2003-06,331.53M,331.53M,242.92M,88.61M,61.51M,63.80M,,-11.98M,,,,,125.32M,-36.71M,,,,-11.98M,,-50.79M,1.70M,-52.49M,,,-52.49M,39.44M,-36.71M,,2003-06,-0.28,-0.2412,-0.28,,2003-06,-0.28,-0.2412,-0.28,,185.46M,,,2003-06,,
2003-03,334.58M,334.58M,250.47M,84.11M,67.40M,68.58M,,-22.18M,,,,,135.99M,-51.88M,,,,-22.18M,,-75.30M,1.20M,-76.50M,,,-76.50M,39.53M,-51.88M,,2003-03,-0.41,-0.3380,-0.41,,2003-03,-0.41,-0.3380,-0.41,,184.89M,,,2003-03,,
2002-12,333.60M,333.60M,277.41M,56.18M,65.62M,74.30M,,-59.14M,,,,,139.92M,-83.73M,,,,-59.14M,,-144.62M,279.14M,-423.77M,,,-423.77M,43.67M,-83.73M,,2002-12,-2.32,-2.126,-2.32,,2002-12,-2.32,-2.126,-2.32,,182.94M,,,2002-12,,
2002-09,330.73M,330.73M,256.23M,74.50M,74.32M,78.00M,,-137.62M,,,,,152.32M,-77.82M,,,,-137.62M,,-216.53M,-49.70M,-166.83M,,,-166.83M,37.51M,-77.82M,,2002-09,-0.91,-0.3308,-0.91,,2002-09,-0.91,-0.3308,-0.91,,183.06M,,,2002-09,,
2002-06,309.90M,309.90M,239.19M,70.70M,75.61M,72.37M,,-1.124M,,,,,147.98M,-77.28M,,,,-1.124M,,-79.26M,-28.54M,-50.73M,,,-50.73M,40.91M,-77.28M,,2002-06,-0.28,-0.2761,-0.28,,2002-06,-0.28,-0.2761,-0.28,,182.93M,,,2002-06,,
2002-03,248.01M,248.01M,217.55M,30.46M,75.05M,69.25M,,-5.555M,,,,,144.30M,-113.85M,,,,-5.555M,,-120.53M,-43.39M,-77.14M,,,-77.14M,37.60M,-113.85M,,2002-03,-0.42,-0.4005,-0.42,,2002-03,-0.42,-0.4005,-0.42,,182.33M,,,2002-03,,
2001-12,220.21M,220.21M,268.86M,-48.65M,70.96M,69.39M,,3.822M,,,,,140.35M,-189.00M,,,,3.822M,,-181.60M,-69.01M,-112.59M,,,-112.59M,37.62M,-189.00M,,2001-12,-0.64,-0.6532,-0.64,,2001-12,-0.64,-0.6532,-0.64,,179.29M,,,2001-12,,
2001-09,249.36M,249.36M,246.51M,2.843M,59.93M,64.67M,,-50.04M,,,,,124.60M,-121.75M,,,,-50.04M,,-167.52M,-64.12M,-103.40M,,,-103.40M,35.33M,-121.75M,,2001-09,-0.59,-0.4142,-0.59,,2001-09,-0.59,-0.4142,-0.59,,175.69M,,,2001-09,,
2001-06,365.82M,365.82M,311.26M,54.56M,65.13M,61.32M,,,,,,,126.45M,-71.89M,,,,,,-54.12M,-13.94M,-40.18M,,,-40.18M,35.33M,-71.89M,,2001-06,-0.23,-0.23,-0.23,,2001-06,-0.23,-0.23,-0.23,,174.54M,,,2001-06,,
2001-03,605.19M,605.19M,385.61M,219.58M,74.77M,71.20M,,,,,,,145.97M,73.61M,,,,,,77.09M,23.12M,53.96M,,,53.96M,30.39M,73.61M,,2001-03,0.31,0.31,0.31,,2001-03,0.30,0.30,0.30,,179.75M,,,2001-03,,
2000-12,821.65M,821.65M,469.71M,351.94M,96.48M,79.30M,,,,,,,175.77M,176.17M,,,,,,188.62M,56.59M,132.04M,,0.00,132.04M,26.33M,176.17M,,2000-12,0.76,0.76,0.76,,2000-12,0.73,0.73,0.73,,179.54M,,,2000-12,,
2000-09,859.48M,859.48M,457.98M,401.50M,95.15M,78.96M,,,,,,,174.11M,227.39M,,,,,,233.46M,70.04M,163.42M,,,163.42M,23.72M,227.39M,,2000-09,0.94,0.94,0.94,,2000-09,0.90,0.90,0.90,,181.94M,,,2000-09,,
2000-06,747.46M,747.46M,376.42M,371.04M,91.98M,73.64M,,,,,,-27.11M,165.62M,205.42M,,,,,,184.13M,55.24M,128.89M,,,128.89M,27.52M,205.42M,,2000-06,0.74,0.74,0.74,,2000-06,0.71,0.71,0.71,,181.70M,,,2000-06,,
2000-03,648.13M,648.13M,348.84M,299.29M,78.96M,69.02M,,,,,,,147.98M,151.31M,,,,,,155.85M,46.75M,109.09M,,,109.09M,24.29M,151.31M,,2000-03,0.63,0.63,0.63,,2000-03,0.60,0.60,0.60,,180.87M,,,2000-03,,
1999-12,548.50M,548.50M,287.90M,260.60M,72.10M,63.70M,,,,,,,157.60M,103.00M,,,,,,107.50M,32.30M,75.20M,,,75.20M,21.80M,103.00M,,1999-12,0.44,0.44,0.44,,1999-12,0.42,0.42,0.42,,179.12M,,,1999-12,,
1999-09,497.00M,497.00M,260.80M,236.20M,70.50M,60.30M,,,,,,,151.30M,84.90M,,,,,,89.60M,26.90M,62.70M,,,62.70M,20.51M,84.90M,,1999-09,0.37,0.37,0.37,,1999-09,0.35,0.35,0.35,,179.03M,,,1999-09,,
1999-06,400.90M,400.90M,236.94M,163.96M,59.39M,56.83M,,,,,,,116.22M,47.75M,,,,,,51.15M,15.34M,35.80M,,,35.80M,21.99M,47.75M,,1999-06,0.105,0.105,0.105,,1999-06,0.10,0.10,0.10,,356.12M,,,1999-06,,
1999-03,344.45M,344.45M,197.80M,146.65M,54.50M,47.70M,,3.80M,,,,,124.30M,22.35M,,,,3.80M,,25.70M,7.70M,18.00M,,,18.00M,22.10M,22.35M,,1999-03,0.055,0.0472,0.055,,1999-03,0.05,0.0425,0.05,,355.99M,,,1999-03,,
1998-12,316.17M,316.17M,133.26M,182.90M,49.35M,47.54M,,,,,,,173.30M,9.608M,,,,,,13.14M,1.317M,11.82M,,,11.82M,20.65M,9.608M,,1998-12,0.035,0.035,0.035,,1998-12,0.03,0.03,0.03,,346.69M,,,1998-12,,
1998-09,335.23M,335.23M,239.13M,96.10M,47.29M,49.57M,,,,,,,96.86M,-0.761M,,,,,,1.875M,0.60M,1.275M,,,1.275M,19.35M,-0.761M,,1998-09,0.005,0.005,0.005,,1998-09,0.005,0.005,0.005,,342.50M,,,1998-09,,
1998-06,406.24M,406.24M,246.46M,159.78M,57.55M,49.16M,,,,,,,106.71M,53.07M,,,,,,55.67M,16.31M,39.36M,,,39.36M,19.37M,53.07M,,1998-06,0.12,0.12,0.12,,1998-06,0.115,0.115,0.115,,342.53M,,,1998-06,,
