,OperatingRevenue,Revenue,CostofGoodsSold,GrossProfit,SG&AExpense,ResearchandDevelopmentExpense,IncomeStatementDepreciation,AmortizationExpense,SpecialIncomeandCharges,OperatingInterestExpense,OperatingInterestIncome,NetOperatingInterestIncome,OtherOperatingExpenses,TotalOperatingExpenses,OperatingIncome,Non-OperatingInterestIncome,Non-OperatingInterestExpense,NetNon-OperatingInterestIncomeExpense,OtherIncomeandExpenses,NetInterestIncome,Pre-TaxIncome,ProvisionforIncomeTaxes,IncomefromContinuingOperations,IncomefromDiscontinuedOperations,"ExtraordinaryItems,IncomeStatement",NormalizedIncome,EBITDA,ReconciledDepreciation,EBIT,,EPSBasicfromDiscontinuedOperations,EPSBasicfromExtraordinaries,NormalizedBasicEPS,EPSBasic,,EPSDilutedfromDiscontinuedOperations,EPSDilutedfromExtraordinaries,NormalizedDilutedEPS,SharesData(Quarterly),AverageBasicSharesOutstanding,AverageDilutedSharesOutstanding,DividendPerShare,,SECFilingLinks,AsOriginallyReported,Restated
2020-09,3.685B,3.685B,2.026B,1.659B,836.00M,92.00M,96.00M,36.00M,0.00,34.00M,4.00M,-30.00M,,1.06B,599.00M,4.00M,34.00M,-30.00M,3.00M,-30.00M,572.00M,124.00M,448.00M,0.00,,442.00M,738.00M,132.00M,606.00M,,0.00,,1.87,1.87,,0.00,,1.86,2020-09,236.80M,237.90M,0.54,,2020-09,AOR,
2020-06,3.015B,3.015B,1.703B,1.312B,766.00M,86.00M,91.00M,32.00M,-165.00M,41.00M,5.00M,-36.00M,,975.00M,337.00M,5.00M,41.00M,-36.00M,-175.00M,-36.00M,126.00M,29.00M,97.00M,3.00M,,226.05M,290.00M,123.00M,167.00M,,0.01,,0.9570,0.43,,0.01,,0.9547,2020-06,236.60M,237.60M,0.51,,2020-06,AOR,
2020-03,3.377B,3.377B,1.908B,1.469B,905.00M,101.00M,93.00M,36.00M,-7.00M,32.00M,9.00M,-23.00M,,1.135B,334.00M,9.00M,32.00M,-23.00M,8.00M,-23.00M,319.00M,71.00M,248.00M,,,248.44M,480.00M,129.00M,351.00M,,,,1.053,1.03,,,,1.043,2020-03,236.50M,237.70M,0.51,,2020-03,AOR,
2019-12,3.672B,3.672B,2.111B,1.561B,894.00M,109.00M,99.00M,35.00M,6.00M,33.00M,9.00M,-24.00M,,1.129B,432.00M,9.00M,33.00M,-24.00M,-10.00M,-24.00M,398.00M,95.00M,303.00M,-3.00M,,290.43M,565.00M,134.00M,431.00M,,-0.01,,1.221,1.23,,-0.01,,1.211,2019-12,236.90M,238.20M,0.51,,2019-12,AOR,
2019-09,3.826B,3.826B,2.181B,1.645B,887.00M,107.00M,99.00M,34.00M,-2.00M,33.00M,10.00M,-23.00M,,1.127B,518.00M,10.00M,33.00M,-23.00M,-14.00M,-23.00M,481.00M,109.00M,372.00M,1.00M,,367.55M,647.00M,133.00M,514.00M,,0.00,,1.557,1.55,,0.00,,1.546,2019-09,237.10M,238.50M,0.51,,2019-09,AOR,Restated
2019-06,4.024B,4.024B,2.288B,1.736B,934.00M,111.00M,91.00M,35.00M,-176.00M,35.00M,7.00M,-28.00M,,1.171B,565.00M,7.00M,35.00M,-28.00M,-174.00M,-28.00M,363.00M,86.00M,277.00M,2.00M,,404.29M,524.00M,126.00M,398.00M,,0.01,,1.707,1.15,,0.01,,1.694,2019-06,236.90M,238.30M,0.48,,2019-06,AOR,Restated
2019-03,3.624B,3.624B,2.073B,1.551B,889.00M,105.00M,86.00M,32.00M,3.00M,31.00M,6.00M,-25.00M,,1.112B,439.00M,6.00M,31.00M,-25.00M,5.00M,-25.00M,419.00M,102.00M,317.00M,,,309.73M,568.00M,118.00M,450.00M,,,,1.310,1.32,,,,1.300,2019-03,236.70M,238.00M,0.48,,2019-03,AOR,Restated
2018-12,3.645B,3.645B,2.188B,1.457B,855.00M,105.00M,87.00M,40.00M,38.00M,30.00M,5.00M,-25.00M,,1.077B,380.00M,5.00M,30.00M,-25.00M,-13.00M,-25.00M,342.00M,83.00M,259.00M,2.00M,,227.22M,499.00M,127.00M,372.00M,,0.01,,0.9492,1.08,,0.01,,0.9499,2018-12,238.20M,239.70M,0.48,,2018-12,AOR,Restated
2018-09,3.817B,3.817B,2.253B,1.564B,867.00M,110.00M,89.00M,33.00M,12.00M,31.00M,6.00M,-25.00M,,1.099B,465.00M,6.00M,31.00M,-25.00M,11.00M,-25.00M,451.00M,79.00M,372.00M,10.00M,,358.10M,604.00M,122.00M,482.00M,,0.04,,1.479,1.56,,0.04,,1.469,2018-09,242.20M,243.60M,0.48,,2018-09,AOR,Restated
2018-06,4.131B,4.131B,2.379B,1.752B,945.00M,114.00M,91.00M,34.00M,-83.00M,31.00M,7.00M,-24.00M,,1.184B,568.00M,7.00M,31.00M,-24.00M,-65.00M,-24.00M,479.00M,104.00M,375.00M,0.00,,435.99M,635.00M,125.00M,510.00M,,0.00,,1.775,1.51,,0.00,,1.774,2018-06,244.90M,246.40M,0.45,,2018-06,AOR,Restated
2018-03,3.781B,3.781B,2.181B,1.60B,906.00M,112.00M,87.00M,36.00M,0.00,26.00M,5.00M,-21.00M,,1.141B,459.00M,5.00M,26.00M,-21.00M,-17.00M,-21.00M,421.00M,87.00M,334.00M,6.00M,,328.00M,570.00M,123.00M,447.00M,,0.02,,1.32,1.34,,0.02,,1.31,2018-03,249.80M,251.40M,0.45,,2018-03,AOR,Restated
2017-12,3.682B,3.682B,2.119B,1.563B,908.00M,116.00M,86.00M,34.00M,-38.00M,27.00M,7.00M,-20.00M,,1.144B,419.00M,7.00M,27.00M,-20.00M,-22.00M,-20.00M,377.00M,224.00M,153.00M,3.00M,,170.80M,524.00M,120.00M,404.00M,,0.01,,0.6806,0.60,,0.01,,0.6691,2017-12,251.67M,255.93M,0.45,,2017-12,AOR,Restated
2017-09,3.776B,3.776B,2.104B,1.672B,894.00M,114.00M,85.00M,32.00M,0.00,27.00M,5.00M,-22.00M,,1.125B,547.00M,5.00M,27.00M,-22.00M,-2.00M,-22.00M,523.00M,124.00M,399.00M,217.00M,,393.00M,667.00M,117.00M,550.00M,,0.85,,1.53,2.38,,0.84,,1.52,2017-09,256.40M,258.20M,0.45,,2017-09,AOR,Restated
2017-06,3.804B,3.804B,2.083B,1.721B,876.00M,112.00M,81.00M,32.00M,,26.00M,4.00M,-22.00M,,1.101B,620.00M,4.00M,26.00M,-22.00M,61.00M,-22.00M,659.00M,157.00M,502.00M,-1.00M,,497.00M,798.00M,113.00M,685.00M,,0.00,,1.93,1.93,,0.00,,1.92,2017-06,257.10M,259.00M,0.40,,2017-06,AOR,Restated
2017-03,3.486B,3.486B,1.905B,1.581B,882.00M,110.00M,79.00M,31.00M,-22.00M,25.00M,4.00M,-21.00M,,1.102B,479.00M,4.00M,25.00M,-21.00M,-12.00M,-21.00M,446.00M,110.00M,336.00M,6.00M,,347.57M,581.00M,110.00M,471.00M,,0.02,,1.354,1.31,,0.02,,1.344,2017-03,257.25M,259.23M,0.40,,2017-03,AOR,Restated
2016-12,3.417B,3.417B,1.91B,1.507B,868.00M,115.00M,79.00M,30.00M,-191.00M,29.00M,6.00M,-23.00M,,1.092B,415.00M,6.00M,29.00M,-23.00M,-261.00M,-23.00M,131.00M,40.00M,91.00M,253.00M,,219.74M,269.00M,109.00M,160.00M,,0.96,,0.8476,1.30,,0.96,,0.8336,2016-12,261.54M,263.57M,0.40,,2016-12,AOR,Restated
2016-09,3.66B,3.66B,1.978B,1.682B,893.00M,115.00M,82.00M,31.00M,-968.00M,34.00M,6.00M,-28.00M,,1.121B,561.00M,6.00M,34.00M,-28.00M,-959.00M,-28.00M,-426.00M,-220.00M,-206.00M,27.00M,,369.80M,-279.00M,113.00M,-392.00M,,0.10,,1.388,-0.69,,0.10,,1.388,2016-09,266.67M,266.67M,0.40,,2016-09,AOR,Restated
2016-06,3.782B,3.782B,1.988B,1.794B,930.00M,115.00M,79.00M,30.00M,-2.00M,31.00M,7.00M,-24.00M,,1.154B,640.00M,7.00M,31.00M,-24.00M,14.00M,-24.00M,630.00M,285.00M,345.00M,31.00M,,340.20M,770.00M,103.00M,661.00M,,0.12,,1.264,1.38,,0.12,,1.254,2016-06,268.12M,270.07M,0.40,,2016-06,AOR,Restated
2016-03,3.411B,3.411B,1.817B,1.594B,897.00M,114.00M,79.00M,30.00M,-3.00M,31.00M,7.00M,-24.00M,,1.12B,474.00M,7.00M,31.00M,-24.00M,-6.00M,-24.00M,444.00M,109.00M,335.00M,19.00M,,330.26M,590.00M,115.00M,475.00M,,0.07,,1.238,1.30,,0.07,,1.228,2016-03,266.92M,268.99M,0.36,,2016-03,AOR,Restated
2015-12,3.027B,3.027B,1.577B,1.45B,869.00M,112.00M,61.00M,33.00M,5.00M,31.00M,8.00M,-23.00M,,1.06B,390.00M,8.00M,31.00M,-23.00M,-15.00M,-23.00M,352.00M,80.00M,272.00M,46.00M,,264.14M,477.00M,94.00M,383.00M,,0.00,,1.156,1.17,,0.00,,1.146,2015-12,269.00M,271.20M,0.36,,2015-12,AOR,Restated
2015-09,3.725B,3.725B,2.049B,1.676B,875.00M,117.00M,87.00M,33.00M,-3.00M,31.00M,10.00M,-21.00M,,1.112B,564.00M,10.00M,31.00M,-21.00M,11.00M,-21.00M,554.00M,133.00M,421.00M,18.00M,,417.28M,705.00M,107.00M,585.00M,,0.07,,1.538,1.60,,0.07,,1.528,2015-09,271.10M,273.10M,0.36,,2015-09,AOR,Restated
2015-06,4.10B,4.10B,2.283B,1.817B,954.00M,123.00M,92.00M,33.00M,-143.00M,34.00M,10.00M,-24.00M,,1.202B,615.00M,10.00M,34.00M,-24.00M,-139.00M,-24.00M,452.00M,110.00M,342.00M,0.00,,445.25M,611.00M,125.00M,486.00M,,0.00,,1.637,1.24,,0.00,,1.624,2015-06,272.50M,274.70M,0.36,,2015-06,AOR,Restated
2015-03,3.662B,3.662B,2.065B,1.597B,914.00M,119.00M,87.00M,33.00M,-3.00M,29.00M,11.00M,-18.00M,,1.153B,444.00M,11.00M,29.00M,-18.00M,4.00M,-18.00M,430.00M,104.00M,326.00M,1.00M,,323.27M,579.00M,120.00M,459.00M,,0.01,,1.178,1.18,,0.01,,1.168,2015-03,273.20M,275.60M,0.335,,2015-03,AOR,Restated
2014-12,3.138B,3.138B,1.722B,1.416B,870.00M,117.00M,64.00M,33.00M,3.00M,45.00M,12.00M,-350.00M,,1.055B,361.00M,12.00M,45.00M,-350.00M,-60.00M,-350.00M,-49.00M,-93.00M,44.00M,45.00M,,36.05M,93.00M,97.00M,-4.00M,,-0.01,,0.3079,0.305,,-0.01,,0.3030,2014-12,274.20M,277.80M,0.335,,2014-12,AOR,Restated
2014-09,3.935B,3.935B,2.229B,1.706B,941.00M,120.00M,87.00M,32.00M,-3.00M,47.00M,13.00M,-34.00M,,1.18B,526.00M,13.00M,47.00M,-34.00M,7.00M,-34.00M,499.00M,116.00M,383.00M,-6.00M,,379.30M,665.00M,119.00M,546.00M,,-0.02,,1.368,1.34,,-0.02,,1.358,2014-09,276.40M,279.40M,0.335,,2014-09,AOR,Restated
2014-06,4.082B,4.082B,2.306B,1.776B,985.00M,126.00M,84.00M,31.00M,-3.00M,48.00M,13.00M,-35.00M,,1.226B,550.00M,13.00M,48.00M,-35.00M,9.00M,-35.00M,524.00M,125.00M,399.00M,-7.00M,,395.28M,687.00M,115.00M,572.00M,,-0.02,,1.418,1.39,,-0.02,,1.408,2014-06,277.20M,280.20M,0.335,,2014-06,AOR,Restated
2014-03,3.636B,3.636B,2.091B,1.545B,900.00M,120.00M,89.00M,30.00M,-3.00M,47.00M,12.00M,-35.00M,,1.139B,406.00M,12.00M,47.00M,-35.00M,1.00M,-35.00M,372.00M,89.00M,283.00M,1.018B,,246.28M,538.00M,119.00M,419.00M,,3.54,,1.003,4.535,,3.50,,0.9931,2014-03,278.20M,281.40M,0.305,,2014-03,AOR,Restated
2013-12,3.50B,3.50B,2.028B,1.472B,905.00M,119.00M,88.00M,31.00M,4.00M,48.00M,13.00M,-35.00M,,1.095B,377.00M,13.00M,48.00M,-35.00M,-26.00M,-35.00M,316.00M,71.00M,245.00M,37.00M,,213.90M,483.00M,119.00M,364.00M,,0.00,,0.8890,0.90,,0.00,,0.8791,2013-12,280.80M,284.80M,0.305,,2013-12,AOR,Restated
2013-09,3.774B,3.774B,2.161B,1.613B,910.00M,117.00M,85.00M,28.00M,-101.00M,48.00M,11.00M,-37.00M,,1.14B,473.00M,11.00M,48.00M,-37.00M,-189.00M,-37.00M,247.00M,40.00M,207.00M,48.00M,,262.64M,408.00M,113.00M,295.00M,,0.075,,1.011,0.79,,0.075,,0.9971,2013-09,286.40M,289.80M,0.305,,2013-09,AOR,Restated
2013-06,3.883B,3.883B,2.263B,1.62B,925.00M,118.00M,85.00M,34.00M,-3.00M,47.00M,9.00M,-38.00M,,1.162B,458.00M,9.00M,47.00M,-38.00M,2.00M,-38.00M,422.00M,98.00M,324.00M,47.00M,,296.30M,588.00M,119.00M,469.00M,,0.08,,1.118,1.19,,0.08,,1.103,2013-06,286.80M,290.00M,0.305,,2013-06,AOR,Restated
2013-03,3.108B,3.108B,1.862B,1.246B,746.00M,109.00M,75.00M,26.00M,-3.00M,53.00M,10.00M,-43.00M,,956.00M,290.00M,10.00M,53.00M,-43.00M,-6.00M,-43.00M,241.00M,44.00M,197.00M,2.248B,,164.45M,395.00M,101.00M,294.00M,,7.59,,0.6634,8.245,,7.51,,0.6533,2013-03,292.20M,295.40M,0.295,,2013-03,AOR,Restated
2012-12,2.417B,2.417B,1.604B,813.00M,593.00M,95.00M,59.00M,25.00M,32.00M,55.00M,11.00M,-44.00M,,721.00M,92.00M,11.00M,55.00M,-44.00M,-1.00M,-44.00M,47.00M,-11.00M,58.00M,195.00M,,11.20M,186.00M,84.00M,102.00M,,0.32,,0.6675,0.735,,0.32,,0.6633,2012-12,308.00M,312.00M,0.295,,2012-12,AOR,Restated
2012-09,3.408B,3.408B,1.983B,1.425B,779.00M,112.00M,78.00M,27.00M,-3.00M,54.00M,10.00M,-44.00M,,996.00M,429.00M,10.00M,54.00M,-44.00M,17.00M,-44.00M,402.00M,92.00M,310.00M,54.00M,,287.31M,561.00M,104.00M,456.00M,,0.165,,0.9475,1.105,,0.16,,0.9374,2012-09,307.40M,311.00M,0.295,,2012-09,AOR,Restated
2012-06,3.528B,3.528B,2.066B,1.462B,792.00M,113.00M,76.00M,26.00M,-3.00M,50.00M,9.00M,-41.00M,,1.007B,455.00M,9.00M,50.00M,-41.00M,12.00M,-41.00M,426.00M,98.00M,328.00M,68.00M,,296.31M,579.00M,103.00M,476.00M,,0.215,,0.9775,1.185,,0.21,,0.9675,2012-06,306.40M,310.00M,0.295,,2012-06,AOR,Restated
2012-03,3.333B,3.333B,1.946B,1.387B,823.00M,110.00M,79.00M,29.00M,-211.00M,51.00M,10.00M,-41.00M,,1.041B,346.00M,10.00M,51.00M,-41.00M,-352.00M,-41.00M,-47.00M,-31.00M,-16.00M,67.00M,,83.15M,112.00M,108.00M,4.00M,,0.205,,0.2838,0.04,,0.20,,0.2789,2012-03,305.60M,309.00M,0.285,,2012-03,AOR,Restated
2011-12,1.785B,1.785B,968.00M,817.00M,690.00M,107.00M,45.00M,28.00M,-79.00M,51.00M,10.00M,-41.00M,,815.00M,2.00M,10.00M,51.00M,-41.00M,-52.00M,-41.00M,-91.00M,-80.00M,-11.00M,,,17.35M,33.00M,73.00M,-40.00M,,0.755,,0.1170,0.705,,0.735,,0.1149,2011-12,307.40M,311.40M,0.285,,2011-12,AOR,Restated
2011-09,3.849B,3.849B,2.353B,1.496B,806.00M,108.00M,86.00M,30.00M,36.00M,51.00M,11.00M,-40.00M,,1.03B,466.00M,11.00M,51.00M,-40.00M,36.00M,-40.00M,462.00M,120.00M,342.00M,,,284.36M,629.00M,116.00M,513.00M,,0.00,,0.9051,0.99,,0.00,,0.8960,2011-09,313.60M,317.20M,0.285,,2011-09,AOR,Restated
2011-06,3.986B,3.986B,2.417B,1.569B,829.00M,110.00M,88.00M,31.00M,33.00M,55.00M,11.00M,-44.00M,,1.058B,511.00M,11.00M,55.00M,-44.00M,33.00M,-44.00M,500.00M,128.00M,372.00M,,,315.45M,674.00M,119.00M,555.00M,,0.00,,0.9974,1.075,,0.00,,0.9834,2011-06,316.40M,320.60M,0.285,,2011-06,AOR,Restated
2011-03,3.533B,3.533B,2.127B,1.406B,797.00M,103.00M,86.00M,31.00M,5.00M,53.00M,10.00M,-43.00M,,1.017B,389.00M,10.00M,53.00M,-43.00M,5.00M,-43.00M,351.00M,92.00M,259.00M,,,224.30M,521.00M,117.00M,404.00M,,0.00,,0.6985,0.71,,0.00,,0.6886,2011-03,320.80M,325.00M,0.275,,2011-03,AOR,Restated
2010-12,3.379B,3.379B,2.086B,1.293B,768.00M,104.00M,86.00M,32.00M,-57.00M,52.00M,9.00M,-43.00M,,932.00M,361.00M,9.00M,52.00M,-43.00M,-27.00M,-43.00M,291.00M,63.00M,228.00M,,,249.66M,461.00M,118.00M,343.00M,,,,0.7672,0.63,,,,0.7572,2010-12,325.40M,325.40M,0.275,,2010-12,AOR,Restated
2010-09,3.46B,3.46B,2.108B,1.352B,739.00M,97.00M,86.00M,30.00M,23.00M,46.00M,9.00M,-37.00M,,952.00M,400.00M,9.00M,46.00M,-37.00M,23.00M,-37.00M,386.00M,94.00M,292.00M,,,244.60M,548.00M,116.00M,432.00M,,0.00,,0.7420,0.795,,0.00,,0.7374,2010-09,328.40M,330.80M,0.275,,2010-09,AOR,Restated
2010-06,3.458B,3.458B,2.076B,1.382B,745.00M,97.00M,85.00M,30.00M,33.00M,46.00M,,-46.00M,,957.00M,425.00M,,46.00M,-46.00M,33.00M,-46.00M,412.00M,111.00M,301.00M,,,247.89M,573.00M,115.00M,458.00M,,0.00,,0.7471,0.82,,0.00,,0.7426,2010-06,330.80M,333.20M,0.27,,2010-06,AOR,Restated
2010-03,3.126B,3.126B,1.944B,1.182B,727.00M,96.00M,89.00M,32.00M,13.00M,45.00M,,-45.00M,,944.00M,238.00M,,45.00M,-45.00M,13.00M,-45.00M,206.00M,147.00M,59.00M,,,21.55M,372.00M,121.00M,251.00M,,0.00,,0.0645,0.09,,0.00,,0.0647,2010-03,331.80M,334.00M,0.27,,2010-03,AOR,Restated
2009-12,3.116B,3.116B,1.934B,1.182B,757.00M,102.00M,90.00M,33.00M,24.00M,49.00M,,-21.00M,3.00M,985.00M,197.00M,,49.00M,-21.00M,24.00M,-21.00M,200.00M,37.00M,163.00M,,,122.44M,372.00M,123.00M,249.00M,,0.00,,0.3711,0.43,,0.00,,0.3713,2009-12,332.00M,333.40M,0.27,,2009-12,AOR,Restated
2009-09,3.225B,3.225B,1.989B,1.236B,732.00M,95.00M,88.00M,32.00M,36.00M,47.00M,,-47.00M,3.00M,950.00M,286.00M,,47.00M,-47.00M,36.00M,-47.00M,275.00M,90.00M,185.00M,,,134.78M,442.00M,120.00M,322.00M,,0.00,,0.4067,0.48,,0.00,,0.4071,2009-09,330.40M,332.00M,0.265,,2009-09,AOR,Restated
2009-06,3.115B,3.115B,1.898B,1.217B,731.00M,97.00M,88.00M,31.00M,35.00M,49.00M,,-49.00M,3.00M,950.00M,267.00M,,49.00M,-49.00M,35.00M,-49.00M,253.00M,84.00M,169.00M,,,122.62M,421.00M,119.00M,302.00M,,0.00,,0.3736,0.445,,0.00,,0.3739,2009-06,327.60M,328.80M,0.265,,2009-06,AOR,Restated
2009-03,2.783B,2.783B,1.718B,1.065B,716.00M,94.00M,88.00M,30.00M,-196.00M,48.00M,,-48.00M,4.00M,932.00M,133.00M,,48.00M,-48.00M,-196.00M,-48.00M,-111.00M,-20.00M,-91.00M,,,49.68M,55.00M,118.00M,-63.00M,,0.00,,0.1499,-0.34,,0.00,,0.1487,2009-03,328.00M,328.80M,0.265,,2009-03,AOR,Restated
2008-12,3.188B,3.188B,2.029B,1.159B,750.00M,107.00M,88.00M,30.00M,-26.00M,61.00M,,-35.00M,-5.00M,970.00M,189.00M,,61.00M,-35.00M,-26.00M,-35.00M,128.00M,46.00M,82.00M,,,87.66M,307.00M,118.00M,189.00M,,0.00,,0.2656,0.215,,0.00,,0.2655,2008-12,329.20M,330.11M,0.265,,2008-12,AOR,Restated
2008-09,4.225B,4.225B,2.701B,1.524B,877.00M,114.00M,105.00M,34.00M,-124.00M,62.00M,,-62.00M,5.00M,1.135B,389.00M,,62.00M,-62.00M,-124.00M,-62.00M,203.00M,65.00M,138.00M,,,201.30M,404.00M,139.00M,265.00M,,0.00,,0.6109,0.355,,0.00,,0.6045,2008-09,329.40M,331.20M,0.26,,2008-09,,Restated
2008-06,4.474B,4.474B,2.829B,1.645B,936.00M,118.00M,128.00M,37.00M,37.00M,65.00M,,-65.00M,4.00M,1.223B,422.00M,,65.00M,-65.00M,37.00M,-65.00M,394.00M,116.00M,278.00M,,,223.89M,624.00M,165.00M,459.00M,,0.00,,0.6807,0.76,,0.00,,0.6762,2008-06,329.20M,331.20M,0.26,,2008-06,,Restated
2008-03,3.962B,3.962B,2.596B,1.366B,871.00M,112.00M,107.00M,34.00M,5.00M,64.00M,,-64.00M,,1.124B,242.00M,,64.00M,-64.00M,5.00M,-64.00M,183.00M,57.00M,126.00M,,,96.56M,388.00M,141.00M,247.00M,,0.00,,0.2945,0.305,,0.00,,0.2946,2008-03,329.00M,331.20M,0.26,,2008-03,,Restated
2007-12,3.104B,3.104B,2.017B,1.087B,614.00M,92.00M,82.00M,14.00M,50.00M,,,,,826.00M,261.00M,,,,50.00M,,305.00M,87.00M,201.00M,-1.00M,,165.26M,458.00M,96.00M,362.00M,,0.00,,0.5012,0.61,,0.00,,0.4962,2007-12,328.40M,328.40M,0.26,,2007-12,,Restated
2007-09,3.073B,3.073B,1.947B,1.126B,595.00M,86.00M,89.00M,15.00M,17.00M,,,,,785.00M,341.00M,,,,17.00M,,336.00M,105.00M,213.00M,-24.00M,,201.31M,445.00M,104.00M,341.00M,,-0.07,,0.6145,0.58,,-0.07,,0.6095,2007-09,328.80M,328.80M,0.26,,2007-09,,
2007-06,3.155B,3.155B,2.001B,1.154B,564.00M,87.00M,88.00M,15.00M,21.00M,,,,,754.00M,400.00M,,,,21.00M,,398.00M,125.00M,249.00M,,,234.60M,503.00M,103.00M,400.00M,,0.00,,0.7113,0.755,,0.00,,0.7063,2007-06,329.60M,329.60M,0.25,,2007-06,,
2007-03,2.632B,2.632B,1.677B,955.00M,502.00M,81.00M,78.00M,14.00M,-7.00M,,,,,675.00M,280.00M,,,,-7.00M,,280.00M,57.00M,176.00M,18.00M,,181.58M,372.00M,92.00M,280.00M,,0.055,,0.5520,0.59,,0.055,,0.5468,2007-03,328.81M,331.62M,0.25,,2007-03,,
2006-12,2.50B,2.50B,1.596B,904.00M,487.00M,84.00M,77.00M,11.00M,0.00,,,,,659.00M,245.00M,,,,0.00,,240.00M,74.00M,150.00M,7.00M,,150.00M,333.00M,88.00M,245.00M,,0.02,,0.455,0.475,,0.02,,0.45,2006-12,330.66M,333.89M,0.24,,2006-12,,
2006-09,2.504B,2.802B,1.575B,1.227B,462.00M,76.00M,75.00M,13.00M,-180.00M,,,,,626.00M,601.00M,,,,-180.00M,,101.00M,14.00M,70.00M,20.00M,,225.05M,689.00M,88.00M,601.00M,,0.06,,0.6751,0.27,,0.06,,0.6751,2006-09,333.33M,333.33M,0.24,,2006-09,,
2006-06,2.824B,2.824B,1.747B,1.077B,495.00M,78.00M,84.00M,10.00M,16.00M,,,,,667.00M,410.00M,,,,16.00M,,405.00M,107.00M,280.00M,,,268.23M,504.00M,94.00M,410.00M,,0.00,,0.8095,0.845,,0.00,,0.8047,2006-06,331.36M,333.33M,0.24,,2006-06,,
2006-03,2.638B,2.638B,1.691B,947.00M,460.00M,75.00M,82.00M,9.00M,-32.00M,,,,,626.00M,321.00M,,,,-32.00M,,269.00M,66.00M,184.00M,,,208.15M,412.00M,91.00M,321.00M,,0.00,,0.6278,0.555,,0.00,,0.6278,2006-03,331.53M,331.53M,0.235,,2006-03,,
2005-12,1.332B,1.332B,775.00M,557.00M,280.00M,64.00M,37.00M,8.00M,-42.00M,,,,,389.00M,168.00M,,,,-42.00M,,120.00M,33.00M,75.00M,,,105.45M,213.00M,45.00M,168.00M,,0.11,,0.3211,0.34,,0.11,,0.3209,2005-12,334.38M,334.87M,0.235,,2005-12,,
2005-09,2.547B,2.547B,1.614B,933.00M,437.00M,77.00M,84.00M,8.00M,-51.00M,,,,,606.00M,327.00M,,,,-51.00M,,255.00M,77.00M,157.00M,,,192.60M,419.00M,92.00M,327.00M,,0.00,,0.5704,0.465,,0.00,,0.5643,2005-09,337.63M,341.30M,0.235,,2005-09,,
2005-06,2.656B,2.656B,1.65B,1.006B,461.00M,76.00M,85.00M,8.00M,4.00M,,,,,630.00M,376.00M,,,,4.00M,,360.00M,111.00M,231.00M,,,228.23M,469.00M,93.00M,376.00M,,0.00,,0.6669,0.675,,0.00,,0.6620,2005-06,342.22M,344.78M,0.235,,2005-06,,
2005-03,2.493B,2.493B,1.558B,935.00M,450.00M,77.00M,87.00M,8.00M,-147.00M,,,,,622.00M,313.00M,,,,-147.00M,,145.00M,34.00M,95.00M,,,207.53M,408.00M,95.00M,313.00M,,0.00,,0.6007,0.275,,0.00,,0.6007,2005-03,345.45M,345.45M,0.225,,2005-03,,
2004-12,2.411B,2.411B,1.526B,885.00M,444.00M,79.00M,89.00M,8.00M,20.00M,,,,,620.00M,265.00M,,,,20.00M,,265.00M,72.00M,183.00M,,,168.43M,362.00M,97.00M,265.00M,,0.23,,0.2624,0.535,,0.23,,0.2578,2004-12,341.94M,345.23M,0.225,,2004-12,,
2004-09,2.409B,2.409B,1.516B,893.00M,422.00M,74.00M,88.00M,8.00M,15.00M,,,,,592.00M,301.00M,,,,15.00M,,294.00M,82.00M,194.00M,,,183.18M,397.00M,96.00M,301.00M,,0.00,,0.5335,0.565,,0.00,,0.5288,2004-09,343.36M,346.43M,0.225,,2004-09,,
2004-06,2.429B,2.429B,1.519B,910.00M,423.00M,74.00M,90.00M,8.00M,12.00M,,,,,595.00M,315.00M,,,,12.00M,,302.00M,99.00M,187.00M,,,178.93M,413.00M,98.00M,315.00M,,0.00,,0.5215,0.545,,0.00,,0.5167,2004-06,343.12M,346.30M,0.225,,2004-06,,
2004-03,2.264B,2.264B,1.438B,826.00M,426.00M,76.00M,90.00M,7.00M,-2.00M,,,,,599.00M,227.00M,,,,-2.00M,,202.00M,69.00M,119.00M,,,120.32M,324.00M,97.00M,227.00M,,0.00,,0.3488,0.345,,0.00,,0.3488,2004-03,344.93M,344.93M,0.22,,2004-03,,
2003-12,2.175B,2.175B,1.364B,811.00M,417.00M,75.00M,90.00M,7.00M,-6.00M,,,,,589.00M,222.00M,,,,-6.00M,,190.00M,59.00M,122.00M,,0.00,126.14M,319.00M,97.00M,222.00M,,0.265,0.00,0.1222,0.36,,0.265,-0.0000,0.1170,2003-12,338.90M,343.62M,0.22,,2003-12,,
2003-09,2.206B,2.206B,1.37B,836.00M,395.00M,71.00M,93.00M,7.00M,-6.00M,,,,,566.00M,270.00M,,,,-6.00M,,239.00M,86.00M,142.00M,,,145.84M,370.00M,100.00M,270.00M,,0.00,,0.4262,0.415,,0.00,,0.4262,2003-09,342.17M,342.17M,0.215,,2003-09,,
2003-06,2.304B,2.304B,1.445B,859.00M,389.00M,72.00M,92.00M,8.00M,-7.00M,,,,,561.00M,298.00M,,,,-7.00M,,245.00M,93.00M,152.00M,,,156.34M,398.00M,100.00M,298.00M,,0.00,,0.4629,0.45,,0.00,,0.4577,2003-06,337.78M,341.57M,0.215,,2003-06,,
2003-03,2.071B,2.071B,1.342B,729.00M,377.00M,72.00M,90.00M,7.00M,-4.00M,,,,,546.00M,183.00M,,,,-4.00M,,151.00M,55.00M,84.00M,,-6.00M,86.54M,280.00M,97.00M,183.00M,,-0.015,0.00,0.2525,0.23,,-0.015,-0.0177,0.2525,2003-03,339.13M,339.13M,0.215,,2003-03,,
2002-12,1.99B,1.99B,1.261B,729.00M,366.00M,71.00M,91.00M,8.00M,-14.00M,,,,,536.00M,193.00M,,,,-15.00M,,158.00M,57.00M,94.00M,,0.00,102.95M,292.00M,99.00M,193.00M,,0.00,0.00,0.3065,0.28,,0.00,0.0000,0.3065,2002-12,338.09M,338.09M,0.215,,2002-12,,
2002-09,2.068B,2.068B,1.291B,777.00M,352.00M,68.00M,92.00M,7.00M,25.00M,,,,,519.00M,258.00M,,,,25.00M,,248.00M,89.00M,148.00M,,,131.97M,357.00M,99.00M,258.00M,,0.00,,0.3879,0.435,,0.00,,0.3879,2002-09,340.23M,340.23M,0.215,,2002-09,,
2002-06,2.134B,2.134B,1.325B,809.00M,359.00M,68.00M,92.00M,9.00M,-766.00M,,,,,528.00M,281.00M,,,,-766.00M,,-531.00M,-186.00M,-345.00M,,,152.68M,382.00M,101.00M,281.00M,,0.00,,0.4514,-1.02,,0.00,,0.4442,2002-06,338.24M,339.90M,0.21,,2002-06,,
2002-03,1.875B,1.875B,1.189B,686.00M,342.00M,66.00M,91.00M,8.00M,-62.00M,,,,,507.00M,179.00M,,,,-62.00M,,76.00M,33.00M,43.00M,,-9.00M,80.20M,278.00M,99.00M,179.00M,,-0.025,0.00,0.2344,0.10,,-0.025,-0.0265,0.2344,2002-03,340.00M,340.00M,0.21,,2002-03,,
2001-12,1.907B,1.907B,1.21B,697.00M,354.00M,66.00M,94.00M,18.00M,-25.00M,,,,,532.00M,165.00M,,,,-10.00M,,133.00M,50.00M,83.00M,,,98.60M,277.00M,112.00M,165.00M,,0.00,,0.2911,0.245,,0.00,,0.2911,2001-12,338.35M,338.63M,0.21,,2001-12,,
2001-09,1.999B,1.999B,1.261B,738.00M,348.00M,66.00M,93.00M,18.00M,-17.00M,,,,,525.00M,213.00M,,,,-17.00M,,148.00M,55.00M,93.00M,,,103.68M,324.00M,111.00M,213.00M,,0.00,,0.3122,0.28,,0.00,,0.3066,2001-09,332.14M,338.18M,0.21,,2001-09,,
2001-06,2.164B,2.164B,1.342B,822.00M,342.00M,67.00M,94.00M,18.00M,6.00M,,,,,521.00M,301.00M,,,,6.00M,,261.00M,94.00M,155.00M,,,151.16M,413.00M,112.00M,301.00M,,0.00,,0.4486,0.46,,0.00,,0.4487,2001-06,336.60M,338.60M,0.21,,2001-06,,
2001-03,2.099B,2.099B,1.324B,775.00M,351.00M,67.00M,94.00M,18.00M,-83.00M,,,,,530.00M,245.00M,,,,-83.00M,,104.00M,48.00M,56.00M,,,105.80M,357.00M,112.00M,245.00M,,0.00,,0.3117,0.165,,0.00,,0.3117,2001-03,339.39M,339.39M,0.21,,2001-03,,
2000-12,2.058B,2.058B,1.286B,772.00M,365.00M,70.00M,93.00M,18.00M,-61.00M,,,,,546.00M,226.00M,,,,-22.00M,,162.00M,36.00M,126.00M,,,173.44M,337.00M,111.00M,226.00M,,0.00,,0.5159,0.375,,0.00,,0.5146,2000-12,336.78M,339.96M,0.20,,2000-12,,
2000-09,2.144B,2.144B,1.337B,807.00M,329.00M,72.00M,94.00M,18.00M,-2.00M,,,,,513.00M,294.00M,,,,-2.00M,,242.00M,92.00M,150.00M,,,151.24M,406.00M,112.00M,294.00M,,0.00,,0.4386,0.435,,0.00,,0.4336,2000-09,345.60M,348.40M,0.20,,2000-09,,
2000-06,2.21B,2.21B,1.327B,883.00M,343.00M,70.00M,94.00M,18.00M,29.00M,,,,,525.00M,358.00M,,,,29.00M,,337.00M,132.00M,205.00M,,,187.36M,470.00M,112.00M,358.00M,,0.00,,0.5392,0.59,,0.00,,0.5347,2000-06,347.46M,350.43M,0.20,,2000-06,,
2000-03,2.152B,2.152B,1.319B,833.00M,327.00M,70.00M,93.00M,19.00M,-25.00M,,,,,509.00M,324.00M,,,,-25.00M,,248.00M,109.00M,139.00M,,,154.00M,436.00M,112.00M,324.00M,,0.00,,0.4431,0.40,,0.00,,0.4377,2000-03,348.20M,351.40M,0.20,,2000-03,,
1999-12,2.291B,2.291B,1.483B,808.00M,322.00M,78.00M,,,21.00M,,,,,545.00M,263.00M,,,,49.00M,,267.00M,105.00M,162.00M,,,149.26M,408.00M,145.00M,263.00M,,0.00,,0.4283,0.465,,0.00,,0.4240,1999-12,346.80M,353.81M,0.19,,1999-12,,
1999-09,1.954B,1.954B,1.206B,748.00M,315.00M,72.00M,,,-50.00M,,,,,479.00M,269.00M,,,,-50.00M,,176.00M,77.00M,99.00M,,,129.00M,361.00M,92.00M,269.00M,,0.00,,0.3714,0.285,,0.00,,0.3655,1999-09,347.40M,350.80M,0.19,,1999-09,,
1999-06,1.947B,1.947B,1.165B,782.00M,307.00M,67.00M,,,12.00M,,,,,461.00M,321.00M,,,,12.00M,,300.00M,116.00M,184.00M,,,176.64M,408.00M,87.00M,321.00M,,0.00,,0.5088,0.53,,0.00,,0.5040,1999-06,347.00M,350.40M,0.19,,1999-06,,
1999-03,1.803B,1.803B,1.103B,700.00M,286.00M,67.00M,,,-22.00M,,,,,444.00M,256.00M,,,,-22.00M,,202.00M,79.00M,123.00M,,,136.40M,347.00M,91.00M,256.00M,,0.00,,0.3934,0.355,,0.00,,0.3881,1999-03,348.40M,351.60M,0.19,,1999-03,,
1998-12,2.03B,2.03B,1.304B,726.00M,295.00M,69.00M,,,-10.00M,,,,,480.00M,246.00M,,,,20.00M,,248.00M,86.00M,162.00M,,,168.53M,362.00M,116.00M,246.00M,,0.00,,0.4734,0.455,,0.00,,0.4733,1998-12,354.50M,356.36M,0.18,,1998-12,,
1998-09,1.804B,1.804B,1.082B,722.00M,282.00M,68.00M,,,119.00M,,,,,437.00M,285.00M,,,,119.00M,,372.00M,124.00M,248.00M,,,168.67M,372.00M,87.00M,285.00M,,0.00,,0.4759,0.70,,0.00,,0.4730,1998-09,354.00M,357.40M,0.18,,1998-09,,
1998-06,2.004B,2.004B,1.186B,818.00M,293.00M,67.00M,,,-5.00M,,,,,449.00M,369.00M,,,,-5.00M,,329.00M,130.00M,199.00M,,,202.02M,458.00M,89.00M,369.00M,,0.00,,0.5735,0.565,,0.00,,0.5634,1998-06,354.00M,358.40M,0.18,,1998-06,,
