,OperatingRevenue,Revenue,CostofGoodsSold,GrossProfit,SalesandMarketingExpense,GeneralandAdministrativeExpense,SG&AExpense,ResearchandDevelopmentExpense,IncomeStatementDepreciation,AmortizationExpense,RentandLandingExpense,InvestmentWriteOff,SpecialIncomeandCharges,NonIncomeTaxes,OperatingInterestExpense,OperatingInterestIncome,NetOperatingInterestIncome,OtherOperatingExpenses,TotalOperatingExpenses,OperatingIncome,Non-OperatingInterestIncome,Non-OperatingInterestExpense,NetNon-OperatingInterestIncomeExpense,OtherIncomeandExpenses,NetInterestIncome,IncomefromContinuingOperations,"ExtraordinaryItems,IncomeStatement",IncomeAttributabletoMinorityInterest,PreferredStockDividend,NetIncome,ReconciledDepreciation,EBIT,,BasicEPS(Quarterly),EPSBasicfromContinuingOperations,NormalizedBasicEPS,EPSBasic,,EPSDilutedfromDiscontinuedOperations,EPSDilutedfromExtraordinaries,NormalizedDilutedEPS,EPSDiluted,,SharesData(Quarterly),AverageBasicSharesOutstanding,AverageDilutedSharesOutstanding,DividendPerShare,,SECFilingLinks,AsOriginallyReported,Restated
2020-09,1.697B,1.627B,1.199B,428.40M,,328.00M,328.00M,,,,47.50M,,,,15.70M,2.90M,-12.80M,,382.00M,46.40M,2.90M,15.70M,-12.80M,166.00M,-12.80M,126.50M,,-47.60M,,78.90M,56.10M,215.30M,,2020-09,0.15,-0.0705,0.15,,,,-0.0702,0.15,,2020-09,491.00M,491.50M,0.27,,2020-09,AOR,
2020-06,1.156B,1.188B,755.10M,433.00M,,179.30M,179.30M,,,,31.50M,,,,6.80M,2.30M,-4.50M,,179.30M,253.70M,2.30M,6.80M,-4.50M,20.60M,-4.50M,253.70M,,36.70M,,290.40M,22.20M,276.60M,,2020-06,0.58,0.5794,0.58,,,,0.5794,0.58,,2020-06,490.40M,490.70M,0.27,,2020-06,AOR,
2020-03,1.305B,1.338B,789.60M,548.70M,,192.60M,192.60M,,,,34.40M,,,,4.20M,3.70M,-0.50M,,192.60M,356.10M,3.70M,4.20M,-0.50M,-252.70M,-0.50M,58.80M,,20.30M,,79.10M,23.40M,107.10M,,2020-03,0.16,0.3061,0.16,,,,0.3061,0.16,,2020-03,491.50M,491.80M,0.27,,2020-03,AOR,
2019-12,1.381B,1.413B,833.30M,579.40M,,186.70M,186.70M,,,,34.50M,,,,6.70M,5.40M,-1.30M,,186.70M,392.70M,5.40M,6.70M,-1.30M,54.20M,-1.30M,348.10M,,2.40M,,350.50M,26.80M,452.30M,,2019-12,0.70,0.6848,0.70,,,,0.6849,0.70,,2019-12,494.70M,495.30M,0.27,,2019-12,AOR,
2019-09,1.417B,1.347B,845.70M,501.70M,,186.00M,186.00M,,,,38.80M,,,,4.70M,6.30M,1.60M,,200.70M,301.00M,6.30M,4.70M,1.60M,93.20M,1.60M,309.30M,,-2.90M,,306.40M,26.00M,400.50M,,2019-09,0.61,0.4066,0.61,,,,0.4072,0.61,,2019-09,497.60M,498.90M,0.26,,2019-09,AOR,Restated
2019-06,1.440B,1.477B,900.10M,576.60M,,201.70M,201.70M,,,,32.20M,,,,5.60M,7.20M,1.60M,,201.70M,374.90M,7.20M,5.60M,1.60M,37.00M,1.60M,254.60M,,-8.70M,,245.90M,25.60M,419.10M,,2019-06,0.48,0.4477,0.48,,,,0.4477,0.48,,2019-06,501.60M,502.30M,0.26,,2019-06,AOR,Restated
2019-03,1.408B,1.434B,859.00M,574.80M,,195.30M,195.30M,,,,31.40M,,,,5.70M,8.50M,2.80M,,195.30M,379.50M,8.50M,5.70M,2.80M,110.20M,2.80M,381.60M,,-14.10M,,367.50M,21.50M,498.20M,,2019-03,0.72,0.6311,0.72,,,,0.6312,0.72,,2019-03,504.70M,505.10M,0.26,,2019-03,AOR,Restated
2018-12,1.382B,1.412B,799.50M,612.00M,,200.50M,200.50M,,,,31.20M,,,,6.40M,9.00M,2.60M,,200.50M,411.50M,9.00M,6.40M,2.60M,-68.10M,2.60M,260.00M,,15.90M,,275.90M,20.30M,352.40M,,2018-12,0.54,0.5908,0.54,,,,0.5907,0.54,,2018-12,510.30M,510.80M,0.26,,2018-12,AOR,Restated
2018-09,1.492B,1.413B,834.80M,577.80M,,187.70M,187.70M,,,,34.60M,,,,3.40M,11.60M,8.20M,,189.50M,388.30M,11.60M,3.40M,8.20M,86.80M,8.20M,476.30M,,26.20M,,502.50M,17.70M,486.70M,,2018-09,0.96,0.7648,0.96,,,,0.7649,0.96,,2018-09,520.90M,521.20M,0.23,,2018-09,AOR,Restated
2018-06,1.523B,1.559B,857.30M,701.30M,,198.20M,198.20M,,,,30.50M,,,,22.10M,15.40M,-6.70M,,198.20M,503.10M,15.40M,22.10M,-6.70M,-49.20M,-6.70M,355.40M,,46.60M,,402.00M,20.40M,469.30M,,2018-06,0.75,0.8235,0.75,,,,0.8235,0.75,,2018-06,533.00M,533.50M,0.23,,2018-06,AOR,Restated
2018-03,1.588B,1.618B,877.00M,740.80M,,185.10M,185.10M,,,,34.10M,,,,10.00M,25.70M,15.70M,,185.10M,555.70M,25.70M,10.00M,15.70M,61.70M,15.70M,482.90M,,-39.70M,,443.20M,17.40M,643.10M,,2018-03,0.79,0.727,0.79,,,,0.7171,0.78,,2018-03,545.00M,545.50M,0.23,,2018-03,AOR,Restated
2017-12,1.586B,1.616B,861.20M,754.30M,,173.20M,173.20M,,,,29.40M,,,,10.80M,23.80M,13.00M,,173.20M,581.10M,23.80M,10.80M,13.00M,57.50M,13.00M,-571.90M,,-11.40M,,-583.30M,20.90M,662.40M,,2017-12,-1.06,-1.080,-1.06,,,,-1.080,-1.06,,2017-12,550.70M,550.70M,0.23,,2017-12,AOR,Restated
2017-09,1.588B,1.617B,871.00M,745.90M,,188.20M,188.20M,,,,33.00M,,,,12.70M,25.00M,12.30M,,188.20M,557.70M,25.00M,12.70M,12.30M,88.40M,12.30M,476.50M,,-51.30M,,425.20M,18.00M,671.10M,,2017-09,0.76,0.6699,0.76,,,,0.6700,0.76,,2017-09,553.70M,554.00M,0.20,,2017-09,AOR,Restated
2017-06,1.587B,1.614B,883.90M,730.00M,,165.80M,165.80M,,,,30.20M,0.50M,-0.50M,,12.90M,20.30M,7.40M,,165.80M,564.20M,20.30M,12.90M,7.40M,71.90M,7.40M,459.40M,,-48.80M,,410.60M,21.80M,656.40M,,2017-06,0.73,0.6701,0.73,,,,0.6701,0.73,,2017-06,556.20M,556.70M,0.20,,2017-06,AOR,Restated
2017-03,1.577B,1.601B,878.20M,722.40M,,166.90M,166.90M,,,,29.00M,0.00,0.00,,12.60M,16.00M,3.40M,,166.90M,555.50M,16.00M,12.60M,3.40M,68.60M,3.40M,435.00M,,-14.30M,,420.70M,20.60M,640.10M,,2017-03,0.74,0.7036,0.74,,,,0.7037,0.74,,2017-03,560.30M,560.60M,0.20,,2017-03,AOR,Restated
2016-12,1.539B,1.561B,831.50M,729.30M,,142.40M,142.40M,,,,29.10M,0.30M,-0.30M,,13.30M,13.60M,0.30M,,142.40M,586.90M,13.60M,13.30M,0.30M,32.50M,0.30M,418.80M,,21.40M,,440.20M,19.90M,633.00M,,2016-12,0.77,0.7773,0.77,,,,0.7773,0.77,,2016-12,565.10M,565.20M,0.20,,2016-12,AOR,Restated
2016-09,1.596B,1.612B,853.40M,758.40M,,179.00M,179.00M,,,,37.30M,4.10M,-4.10M,,13.40M,13.50M,0.10M,,179.00M,579.40M,13.50M,13.40M,0.10M,56.80M,0.10M,473.00M,,-0.90M,,472.10M,21.30M,649.70M,,2016-09,0.82,0.8209,0.82,,,,0.8209,0.82,,2016-09,571.50M,571.50M,0.18,,2016-09,AOR,Restated
2016-06,1.605B,1.634B,880.30M,754.00M,,158.60M,158.60M,,,,33.10M,2.20M,-2.20M,,12.30M,12.30M,0.00,,158.60M,595.40M,12.30M,12.30M,0.00,53.50M,0.00,461.50M,,-15.10M,,446.40M,19.40M,661.20M,,2016-06,0.77,0.7082,0.77,,,,0.7082,0.77,,2016-06,578.90M,578.90M,0.18,,2016-06,AOR,Restated
2016-03,1.594B,1.614B,906.00M,707.90M,,170.60M,170.60M,,,,33.00M,4.40M,-4.40M,,12.20M,7.10M,-5.10M,,170.60M,537.30M,7.10M,12.20M,-5.10M,10.30M,-5.10M,360.80M,,-0.40M,,360.40M,23.80M,554.70M,,2016-03,0.61,0.5844,0.61,,,,0.5844,0.61,,2016-03,587.00M,587.10M,0.18,,2016-03,AOR,Restated
2015-12,1.727B,1.758B,931.10M,826.90M,,173.30M,173.30M,,,,30.70M,0.40M,-0.40M,,12.00M,3.60M,-8.40M,,173.30M,653.60M,3.60M,12.00M,-8.40M,26.90M,-8.40M,462.40M,,-14.60M,,447.80M,22.60M,684.10M,,2015-12,0.74,0.7401,0.74,,,,0.7401,0.74,,2015-12,597.60M,597.70M,0.18,,2015-12,AOR,Restated
2015-09,1.832B,1.874B,963.10M,910.70M,,192.60M,192.60M,,,,35.60M,4.50M,-4.50M,,12.90M,2.80M,-10.10M,,192.60M,718.10M,2.80M,12.90M,-10.10M,-112.30M,-10.10M,381.50M,,-23.30M,,358.20M,24.80M,608.60M,,2015-09,0.59,0.6343,0.59,,,,0.6343,0.59,,2015-09,607.30M,607.40M,0.15,,2015-09,AOR,Restated
2015-06,1.974B,2.001B,1.058B,943.30M,,173.50M,173.50M,,,,30.70M,3.50M,-3.50M,,13.70M,2.60M,-11.10M,,173.50M,769.80M,2.60M,13.70M,-11.10M,-7.30M,-11.10M,534.00M,,-29.80M,,504.20M,23.20M,765.10M,,2015-06,0.82,0.8335,0.82,,,,0.8335,0.82,,2015-06,614.10M,614.20M,0.15,,2015-06,AOR,Restated
2015-03,1.994B,2.010B,1.088B,921.80M,,164.10M,164.10M,,,,32.10M,1.00M,-1.00M,,1.70M,3.40M,1.70M,,164.10M,757.70M,3.40M,1.70M,1.70M,99.50M,1.70M,622.90M,,-16.40M,,606.50M,24.50M,860.60M,,2015-03,0.98,0.8666,0.98,,,,0.8666,0.98,,2015-03,617.60M,617.70M,0.15,,2015-03,AOR,Restated
2014-12,2.043B,2.064B,1.107B,957.30M,,175.30M,175.30M,,,,34.30M,1.00M,-1.00M,,11.30M,2.00M,-9.30M,,175.30M,782.00M,2.00M,11.30M,-9.30M,49.70M,-9.30M,566.30M,,0.10M,,566.40M,24.90M,833.70M,,2014-12,0.91,0.872,0.91,,,,0.8720,0.91,,2014-12,620.10M,620.20M,0.15,,2014-12,AOR,Restated
2014-09,2.126B,2.156B,1.122B,1.034B,,198.40M,198.40M,,,,36.70M,0.00,0.00,,12.50M,2.30M,-10.20M,,198.40M,835.30M,2.30M,12.50M,-10.20M,60.70M,-10.20M,630.80M,,9.80M,,640.60M,21.70M,898.30M,,2014-09,1.03,0.9596,1.03,,,,0.9496,1.02,,2014-09,621.80M,621.90M,0.12,,2014-09,AOR,Restated
2014-06,2.106B,2.130B,1.17B,960.50M,,173.70M,173.70M,,,,34.10M,0.00,0.00,,10.90M,2.10M,-8.80M,,173.70M,786.80M,2.10M,10.90M,-8.80M,105.50M,-8.80M,632.10M,,-53.20M,,578.90M,22.10M,894.40M,,2014-06,0.92,0.8373,0.92,,,,0.8373,0.92,,2014-06,623.20M,623.60M,0.12,,2014-06,AOR,Restated
2014-03,2.074B,2.096B,1.139B,957.30M,,171.30M,171.30M,,,,33.80M,0.00,0.00,,11.40M,2.40M,-9.00M,,171.30M,786.00M,2.40M,11.40M,-9.00M,14.60M,-9.00M,552.80M,,8.20M,,561.00M,25.70M,803.00M,,2014-03,0.89,0.8884,0.89,,,,0.8884,0.89,,2014-03,626.10M,626.50M,0.12,,2014-03,AOR,Restated
2013-12,2.087B,2.110B,1.126B,983.80M,,170.70M,170.70M,,,,33.10M,0.60M,-0.60M,,12.60M,2.30M,-10.30M,,170.70M,813.10M,2.30M,12.60M,-10.30M,45.90M,-10.30M,596.00M,,7.80M,,603.80M,25.10M,861.30M,,2013-12,0.96,0.9435,0.96,,,,0.9435,0.96,,2013-12,628.10M,628.50M,0.12,,2013-12,AOR,Restated
2013-09,1.966B,1.985B,1.066B,918.40M,,183.30M,183.30M,,,,35.00M,0.60M,-0.60M,,11.50M,-0.40M,-11.90M,,183.30M,735.10M,-0.40M,11.50M,-11.90M,0.30M,-11.90M,510.50M,,-1.50M,,509.00M,23.00M,735.00M,,2013-09,0.80,0.8218,0.80,,,,0.8218,0.80,,2013-09,630.40M,631.70M,0.10,,2013-09,AOR,Restated
2013-06,2.060B,2.085B,1.158B,926.50M,,154.80M,154.80M,,,,33.90M,0.80M,-0.80M,,10.00M,2.40M,-7.60M,,154.80M,771.70M,2.40M,10.00M,-7.60M,7.90M,-7.60M,562.10M,,-9.80M,,552.30M,23.70M,782.00M,,2013-06,0.87,0.8777,0.87,,,,0.8677,0.86,,2013-06,633.60M,634.30M,0.0967,,2013-06,AOR,Restated
2013-03,1.987B,2.014B,1.136B,877.70M,,148.30M,148.30M,,,,31.90M,0.70M,-0.70M,,10.90M,2.40M,-8.50M,,148.30M,729.40M,2.40M,10.90M,-8.50M,94.10M,-8.50M,593.40M,,-20.60M,,572.80M,25.80M,825.90M,,2013-03,0.90,0.8204,0.90,,,,0.8205,0.90,,2013-03,634.00M,634.70M,0.0967,,2013-03,AOR,Restated
2012-12,1.878B,1.902B,1.066B,835.80M,,150.70M,150.70M,,,,33.40M,0.30M,-0.30M,,14.50M,3.10M,-11.40M,,150.70M,685.10M,3.10M,14.50M,-11.40M,42.40M,-11.40M,504.70M,,11.40M,,516.10M,21.00M,730.60M,,2012-12,0.81,0.7883,0.81,,,,0.7884,0.81,,2012-12,634.50M,635.40M,0.0967,,2012-12,AOR,Restated
2012-09,1.796B,1.816B,1.019B,797.10M,,174.40M,174.40M,,,,34.70M,1.80M,-1.80M,,8.40M,2.90M,-5.50M,,174.40M,622.70M,2.90M,8.40M,-5.50M,61.20M,-5.50M,504.00M,,-11.90M,,492.10M,18.70M,686.80M,,2012-09,0.7733,0.7248,0.7733,,0.00,,0.7217,0.77,,2012-09,634.20M,636.40M,0.09,,2012-09,AOR,Restated
2012-06,1.761B,1.784B,1.007B,777.00M,,134.00M,134.00M,,,,31.50M,8.30M,-8.30M,,10.10M,5.50M,-4.60M,,134.00M,643.00M,5.50M,10.10M,-4.60M,-23.50M,-4.60M,430.00M,,25.30M,,455.30M,-45.00M,625.00M,,2012-06,0.71,0.7301,0.71,,,,0.7301,0.71,,2012-06,639.30M,640.90M,0.09,,2012-06,AOR,Restated
2012-03,1.789B,1.799B,1.038B,760.80M,,143.70M,143.70M,,,,31.90M,0.00,0.00,,9.60M,2.00M,-7.60M,,143.70M,617.10M,2.00M,9.60M,-7.60M,80.40M,-7.60M,487.80M,,15.40M,,503.20M,55.80M,699.50M,,2012-03,0.7767,0.7357,0.7767,,,,0.7325,0.7733,,2012-03,643.50M,645.30M,0.09,,2012-03,AOR,Restated
2011-12,1.675B,1.702B,931.00M,770.90M,,138.50M,138.50M,,,,31.80M,0.00,0.00,,8.60M,2.10M,-6.50M,,138.50M,632.40M,2.10M,8.60M,-6.50M,69.10M,-6.50M,493.70M,,-12.90M,,480.80M,52.60M,703.60M,,2011-12,0.7367,0.6902,0.7367,,,,0.6870,0.7333,,2011-12,648.30M,650.10M,0.09,,2011-12,AOR,Restated
2011-09,1.793B,1.837B,1.901B,-63.51M,,-533.10M,-533.10M,,,,,,95.69M,,11.08M,2.778M,-8.307M,,-656.21M,592.70M,2.778M,11.08M,-8.307M,-23.58M,-8.307M,356.92M,,59.08M,,416.00M,-93.36M,571.90M,,2011-09,0.6367,0.6580,0.6367,,,,0.6479,0.6267,,2011-09,656.82M,659.93M,0.0833,,2011-09,AOR,Restated
2011-06,1.853B,1.853B,719.31M,1.134B,,377.65M,377.65M,41.27M,,,,,-32.11M,,10.06M,2.66M,-7.396M,,418.91M,714.81M,2.66M,10.06M,-7.396M,-20.27M,-7.396M,478.20M,,25.15M,2.887M,503.35M,58.14M,697.20M,,2011-06,0.7567,0.7681,0.7567,,0.00,,0.7647,0.7533,,2011-06,660.94M,663.85M,0.0833,,2011-06,AOR,Restated
2011-03,1.750B,1.750B,676.94M,1.073B,,401.67M,401.67M,41.48M,,,,,3.194M,,8.364M,2.702M,-5.662M,,443.15M,629.48M,2.702M,8.364M,-5.662M,54.75M,-5.662M,495.56M,,7.535M,,503.10M,61.15M,686.93M,,2011-03,0.7533,0.7083,0.7533,,0.00,,0.7051,0.75,,2011-03,665.09M,668.09M,0.0833,,2011-03,AOR,Restated
2010-12,1.700B,1.700B,647.15M,1.053B,,353.56M,353.56M,40.37M,,,,,-9.747M,,7.895M,2.86M,-5.035M,,393.93M,659.23M,2.86M,7.895M,-5.035M,43.47M,-5.035M,490.12M,,11.04M,,501.16M,62.48M,705.56M,,2010-12,0.7467,0.7166,0.7467,,0.00,,0.7134,0.7433,,2010-12,669.51M,672.76M,0.0833,,2010-12,AOR,Restated
2010-09,1.528B,1.528B,599.03M,929.37M,,338.98M,338.98M,47.63M,,,,,-149.86M,,3.472M,3.072M,-0.40M,,290.35M,639.02M,3.072M,3.472M,-0.40M,-147.95M,-0.40M,375.86M,,-2.941M,,372.92M,66.60M,555.84M,,2010-09,0.5533,0.6416,0.5533,,0.00,,0.6377,0.55,,2010-09,671.48M,675.54M,0.0733,,2010-09,AOR,Restated
2010-06,1.534B,1.534B,590.88M,943.20M,,345.61M,345.61M,40.16M,,,,,-41.22M,,9.672M,2.801M,-6.871M,35.86M,421.63M,521.56M,2.801M,9.672M,-6.871M,-32.00M,-6.871M,359.68M,,0.812M,,360.50M,69.61M,504.47M,,2010-06,0.53,0.5569,0.53,,0.00,,0.5534,0.5267,,2010-06,676.88M,680.42M,0.0733,,2010-06,AOR,Restated
2010-03,1.413B,1.413B,557.40M,855.72M,,324.97M,324.97M,39.81M,,,,,-24.13M,,0.936M,3.446M,2.51M,,364.78M,490.93M,3.446M,0.936M,2.51M,14.91M,2.51M,358.41M,,-1.725M,,356.68M,65.19M,509.29M,,2010-03,0.52,0.5450,0.52,,0.00,,0.5415,0.5167,,2010-03,681.14M,684.90M,0.0733,,2010-03,AOR,Restated
2009-12,1.377B,1.377B,535.59M,841.82M,,374.84M,374.84M,,,,,,-1.462M,,0.742M,3.581M,2.839M,,374.84M,466.98M,3.581M,0.742M,2.839M,44.47M,2.839M,357.55M,,-1.946M,,355.60M,66.00M,515.03M,,2009-12,0.5167,0.4765,0.5167,,0.00,,0.4737,0.5133,,2009-12,683.68M,692.73M,0.0733,,2009-12,AOR,Restated
2009-09,1.239B,1.239B,418.28M,820.64M,37.31M,318.77M,356.09M,,,,72.00M,,63.78M,,0.268M,,31.65M,79.84M,435.92M,384.72M,,0.268M,31.65M,98.25M,31.65M,378.44M,,-11.09M,,367.36M,51.28M,514.89M,,2009-09,0.53,0.4616,0.53,,0.00,,0.4588,0.5267,,2009-09,686.17M,690.93M,0.07,,2009-09,AOR,Restated
2009-06,1.074B,1.074B,350.68M,722.88M,27.89M,299.15M,327.03M,,,,68.20M,,97.08M,,0.211M,,-0.211M,69.66M,396.70M,326.19M,,0.211M,-0.211M,97.08M,-0.211M,306.85M,,-9.132M,,297.72M,40.85M,423.26M,,2009-06,0.4267,0.3245,0.4267,,0.00,,0.3250,0.4267,,2009-06,689.41M,692.46M,0.07,,2009-06,AOR,Restated
2009-03,912.27M,912.27M,293.53M,618.74M,26.70M,302.13M,328.83M,,,,65.40M,,-45.00M,,2.092M,,-2.092M,66.59M,395.42M,223.32M,,2.092M,-2.092M,-45.00M,-2.092M,109.07M,,1.734M,,110.81M,42.46M,178.32M,,2009-03,0.16,0.2002,0.16,,0.00,,0.1967,0.1567,,2009-03,693.53M,695.67M,0.07,,2009-03,AOR,Restated
2008-12,969.33M,969.33M,289.53M,679.80M,24.23M,312.66M,336.89M,,,,68.60M,,-92.46M,,1.20M,,-1.20M,74.55M,411.44M,268.36M,,1.20M,-1.20M,-92.46M,-1.20M,109.93M,,10.97M,,120.90M,46.68M,175.90M,,2008-12,0.1733,0.2571,0.1733,,0.00,,0.2567,0.1733,,2008-12,694.88M,698.06M,0.07,,2008-12,AOR,Restated
2008-09,1.321B,1.321B,406.53M,914.93M,45.49M,357.13M,402.62M,,,,83.04M,,-112.45M,,0.478M,,99.95M,100.34M,502.96M,411.97M,,0.478M,99.95M,-58.17M,99.95M,300.49M,,,,300.49M,58.40M,454.23M,,2008-09,0.4333,0.5400,0.4333,,0.00,,0.5359,0.43,,2008-09,698.42M,703.33M,0.0667,,2008-09,AOR,Restated
2008-06,1.522B,1.522B,492.38M,1.029B,44.80M,364.13M,408.93M,,,,78.48M,,24.96M,,3.287M,,-3.287M,88.12M,497.05M,532.22M,,3.287M,-3.287M,24.96M,-3.287M,403.31M,,,,403.31M,51.71M,557.18M,,2008-06,0.5733,0.5475,0.5733,,0.00,,0.5444,0.57,,2008-06,703.89M,709.46M,0.0667,,2008-06,AOR,Restated
2008-03,1.504B,1.504B,485.61M,1.018B,47.37M,360.48M,407.85M,,,,79.85M,,6.329M,,5.948M,,-5.948M,91.14M,498.99M,519.09M,,5.948M,-5.948M,6.329M,-5.948M,366.10M,,,,366.10M,52.82M,525.42M,,2008-03,0.5167,0.5104,0.5167,,0.00,,0.5071,0.5133,,2008-03,709.56M,715.08M,0.0667,,2008-03,AOR,Restated
2007-12,1.686B,1.686B,552.59M,1.133B,46.64M,359.91M,406.55M,,,,79.62M,,79.80M,,6.045M,,-6.045M,90.72M,497.27M,635.73M,,6.045M,-6.045M,79.80M,-6.045M,518.32M,,,,518.32M,52.28M,715.52M,,2007-12,0.7167,0.6362,0.7167,,0.00,,0.6271,0.7067,,2007-12,724.76M,732.44M,0.0667,,2007-12,AOR,Restated
2007-09,1.629B,1.629B,552.73M,1.076B,56.13M,374.82M,430.95M,,,,89.19M,,69.33M,,4.971M,,128.43M,104.07M,535.02M,541.39M,,4.971M,128.43M,-50.08M,128.43M,436.91M,,,,436.91M,31.26M,624.70M,,2007-09,0.5933,0.5268,0.5933,,0.00,,0.5241,0.59,,2007-09,734.28M,741.17M,0.05,,2007-09,AOR,Restated
2007-06,1.640B,1.640B,595.90M,1.044B,52.36M,355.25M,407.61M,,,,79.74M,,16.35M,,6.137M,,-6.137M,117.29M,524.90M,519.01M,,6.137M,-6.137M,121.65M,-6.137M,468.36M,,,,468.36M,58.56M,640.66M,,2007-06,0.63,0.6138,0.63,,0.00,,0.6040,0.62,,2007-06,743.57M,753.92M,0.05,,2007-06,AOR,Restated
2007-03,1.509B,1.509B,,,46.04M,268.47M,46.04M,,,,,,114.61M,,5.99M,,-5.99M,963.89M,1.010B,499.08M,,5.99M,-5.99M,114.61M,-5.99M,440.87M,,,,440.87M,56.26M,613.70M,,2007-03,0.5833,0.4733,0.5833,,0.00,,0.4679,0.5767,,2007-03,755.77M,764.51M,0.05,,2007-03,AOR,Restated
2006-12,1.409B,1.428B,,,34.86M,,34.86M,75.06M,,33.75M,,,-376.66M,,,,,298.02M,441.69M,986.12M,,,,-376.66M,,426.80M,,,,426.80M,52.54M,986.12M,,2006-12,0.5633,0.9150,0.5633,,0.00,,0.9042,0.5567,,2006-12,757.63M,766.71M,0.05,,2006-12,AOR,Restated
2006-09,1.277B,1.297B,,,48.68M,,48.68M,80.46M,,22.88M,,,-345.43M,,,,,300.78M,452.82M,844.41M,,,,-345.43M,,381.67M,,,,381.67M,54.43M,844.41M,,2006-09,0.5033,0.8572,0.5033,,0.00,,0.8469,0.4967,,2006-09,756.16M,763.90M,0.04,,2006-09,AOR,Restated
2006-06,1.299B,1.317B,,,41.31M,,41.31M,74.08M,,34.16M,,,-386.81M,,,,,285.01M,434.56M,882.71M,,,,-386.81M,,371.41M,,,,371.41M,52.90M,882.71M,,2006-06,0.48,0.8595,0.48,,0.00,,0.8416,0.47,,2006-06,773.78M,790.24M,0.04,,2006-06,AOR,Restated
2006-03,1.237B,1.255B,,,36.13M,231.18M,36.13M,73.90M,,36.47M,,,-340.86M,,,,,345.28M,491.78M,762.99M,,,,-340.86M,,196.52M,,,,196.52M,54.17M,762.99M,,2006-03,0.2533,0.5170,0.2533,,0.00,,0.5034,0.2467,,2006-03,775.72M,796.69M,0.04,,2006-03,AOR,Restated
2005-12,1.167B,1.181B,,,30.34M,,30.34M,73.90M,,36.36M,,,-336.90M,,,,,256.20M,396.79M,784.66M,,,,-336.90M,,317.97M,,,,317.97M,53.77M,784.66M,,2005-12,0.42,0.7426,0.42,,0.00,,0.7132,0.4033,,2005-12,757.07M,788.35M,0.04,,2005-12,AOR,Restated
2005-09,989.13M,1.163B,,,43.24M,,43.24M,77.00M,,35.46M,,,-327.99M,,,,,-1.976B,406.95M,756.21M,,,,-327.99M,,334.50M,,,,334.50M,65.45M,756.21M,,2005-09,0.4433,0.7896,0.4433,,0.00,,0.7599,0.4267,,2005-09,755.50M,784.92M,0.0333,,2005-09,AOR,Restated
2005-06,1.094B,1.110B,,,36.84M,,36.84M,73.25M,,33.71M,,,-333.41M,,,,,259.79M,403.60M,706.14M,,,,-333.41M,,261.87M,,,,261.87M,48.34M,706.14M,,2005-06,0.3467,0.6644,0.3467,,0.00,,0.6389,0.3333,,2005-06,755.40M,785.62M,0.0333,,2005-06,AOR,Restated
2005-03,1.034B,1.051B,,,31.11M,,31.11M,69.81M,,34.97M,,,-310.35M,,,,,294.64M,430.52M,620.66M,,,,-310.35M,,221.27M,,,,221.27M,49.68M,620.66M,,2005-03,0.2933,0.5947,0.2933,,0.00,,0.5744,0.2833,,2005-03,754.34M,780.97M,0.0333,,2005-03,AOR,Restated
2004-12,970.03M,986.02M,,,26.11M,,26.11M,66.80M,,35.79M,,,-267.87M,,,,,245.81M,374.52M,611.51M,,,,-267.87M,,239.99M,,,,239.99M,48.70M,611.51M,,2004-12,0.32,0.5754,0.32,,0.00,,0.5514,0.3067,,2004-12,749.97M,782.57M,0.0333,,2004-12,AOR,Restated
2004-09,865.00M,881.73M,,,27.71M,,27.71M,68.02M,,31.16M,,,-238.17M,,,,,247.00M,373.89M,507.84M,,,,-238.17M,,187.68M,0.00,,,187.68M,45.98M,507.84M,,2004-09,0.2533,0.4840,0.2533,,0.00,-0.0000,0.4647,0.2433,,2004-09,740.30M,771.32M,0.0283,,2004-09,AOR,Restated
2004-06,848.84M,867.82M,,,31.14M,,31.14M,67.46M,,29.09M,,,-241.41M,,,,,246.89M,374.58M,493.24M,,,,-241.41M,,173.90M,0.00,,,173.90M,45.32M,493.24M,,2004-06,0.2333,0.4642,0.2333,,0.00,0.00,0.4443,0.2233,,2004-06,745.27M,778.64M,0.0283,,2004-06,AOR,Restated
2004-03,859.68M,879.00M,,,31.94M,,31.94M,68.41M,,29.40M,,,-233.29M,,,,,255.98M,385.73M,493.27M,,,,-233.29M,,172.79M,0.00,,,172.79M,47.12M,493.27M,,2004-03,0.23,0.4428,0.23,,0.00,0.00,0.4299,0.2233,,2004-03,751.27M,773.69M,0.0283,,2004-03,AOR,Restated
2003-12,792.10M,809.67M,,,21.23M,,21.23M,69.65M,,26.85M,,,-228.54M,,,,,220.35M,338.08M,471.59M,,,,-228.54M,,167.52M,4.779M,,,172.30M,45.01M,471.59M,,2003-12,0.2267,0.4464,0.2333,,0.0067,0.0062,0.4270,0.2233,,2003-12,738.41M,771.47M,0.0283,,2003-12,AOR,Restated
2003-09,714.52M,729.63M,,,23.25M,,23.25M,70.87M,,25.50M,,,-197.77M,,,,,190.94M,310.56M,419.07M,,,,-197.77M,,152.08M,0.00,,,152.08M,44.81M,419.07M,,2003-09,0.2033,0.3923,0.2033,,0.00,0.00,0.3851,0.20,,2003-09,743.25M,758.72M,0.025,,2003-09,AOR,Restated
2003-06,659.62M,683.91M,,,22.28M,,22.28M,70.46M,,23.40M,,,-184.66M,,,,,191.32M,307.46M,376.45M,,,,-184.66M,,131.39M,0.00,,,131.39M,44.69M,376.45M,,2003-06,0.1733,0.3463,0.1733,,0.00,0.00,0.3463,0.1733,,2003-06,758.01M,758.01M,0.025,,2003-06,AOR,Restated
2003-03,597.37M,613.14M,,,24.23M,,24.23M,71.40M,,21.28M,,,-157.51M,,,,,183.45M,300.36M,312.77M,,,,-157.51M,,109.60M,0.00,,,109.60M,44.43M,312.77M,,2003-03,0.1433,0.2916,0.1433,,0.00,0.00,0.2916,0.1433,,2003-03,764.67M,764.67M,0.025,,2003-03,AOR,Restated
2002-12,585.40M,605.45M,,,22.64M,,22.64M,72.60M,,20.28M,,,-156.54M,,,,,181.63M,297.15M,308.30M,,,,-156.54M,,109.76M,0.00,,,109.76M,43.50M,308.30M,,2002-12,0.1433,0.2942,0.1433,,0.00,0.00,0.2942,0.1433,,2002-12,765.77M,765.77M,0.025,,2002-12,AOR,Restated
2002-09,668.44M,612.68M,,,,,,,,,,,,,,,,,,1.537B,,,,,,68.50M,,,,68.50M,,1.537B,,2002-09,0.09,0.09,0.09,,0.00,,0.09,0.09,,2002-09,769.79M,786.05M,0.0233,,2002-09,AOR,Restated
2002-06,646.97M,666.05M,,,29.27M,,29.27M,75.57M,,21.92M,,,-173.57M,,,,,193.86M,320.61M,345.44M,,,,-173.57M,,125.69M,,,,125.69M,47.37M,345.44M,,2002-06,0.16,0.3246,0.16,,0.00,,0.3246,0.16,,2002-06,785.56M,785.56M,0.0233,,2002-06,AOR,Restated
2002-03,611.34M,625.97M,,,25.48M,,25.48M,73.20M,,21.30M,,,-162.54M,,,,,180.64M,300.62M,325.35M,,,,-162.54M,,120.00M,,,,120.00M,45.74M,325.35M,,2002-03,0.1533,0.3091,0.1533,,0.00,,0.3091,0.1533,,2002-03,782.58M,782.58M,0.0233,,2002-03,AOR,Restated
2001-12,596.15M,618.21M,,,26.42M,,26.42M,74.59M,,21.12M,,,-153.94M,,,,,180.94M,303.08M,315.13M,,,,-153.94M,,118.52M,,,,118.52M,45.40M,315.13M,,2001-12,0.15,0.2961,0.15,,0.00,,0.2961,0.15,,2001-12,790.13M,790.13M,0.0233,,2001-12,AOR,Restated
2001-09,590.55M,603.88M,,,32.39M,,32.39M,76.19M,,36.70M,,,-146.43M,,,,,198.68M,343.96M,259.92M,,,,-146.43M,,83.87M,,,,83.87M,62.02M,259.92M,,2001-09,0.1033,0.2444,0.1033,,0.00,,0.2441,0.1033,,2001-09,788.72M,790.58M,0.0217,,2001-09,AOR,Restated
2001-06,597.02M,609.47M,,,27.31M,,27.31M,70.58M,,33.03M,,,-128.28M,,,,,190.88M,321.80M,287.67M,,,,-128.28M,,119.70M,,,,119.70M,58.62M,287.67M,,2001-06,0.1533,0.2782,0.1533,,0.00,,0.2782,0.1533,,2001-06,780.67M,780.67M,0.0217,,2001-06,AOR,Restated
2001-03,570.26M,577.41M,,,24.43M,,24.43M,59.00M,,27.69M,,,-130.08M,,,,,159.68M,270.81M,306.61M,,,,-130.08M,,131.68M,,,,131.68M,52.88M,306.61M,,2001-03,0.18,0.3151,0.18,,0.00,,0.3151,0.18,,2001-03,731.58M,731.58M,0.0217,,2001-03,AOR,Restated
2000-12,558.37M,564.07M,,,22.13M,,22.13M,57.53M,,28.14M,,,-95.73M,,,,,161.61M,269.41M,294.66M,,,,-95.73M,,149.46M,,,,149.46M,50.33M,294.66M,,2000-12,0.2033,0.3023,0.2033,,0.00,,0.3023,0.2033,,2000-12,735.07M,735.07M,0.0217,,2000-12,AOR,Restated
2000-09,586.30M,593.05M,,,27.48M,,27.48M,59.89M,,29.73M,,,-126.58M,,,,,160.64M,277.74M,315.32M,,,,-126.58M,,140.82M,,,,140.82M,50.75M,315.32M,,2000-09,0.19,0.3198,0.19,,0.00,,0.3198,0.19,,2000-09,741.17M,741.17M,0.02,,2000-09,AOR,Restated
2000-06,564.13M,568.90M,,,25.28M,,25.28M,50.71M,,30.26M,,,-122.85M,,,,,151.13M,257.38M,311.52M,,,,-122.85M,,140.37M,,,,140.37M,49.34M,311.52M,,2000-06,0.1933,0.3219,0.1933,,0.00,,0.3219,0.1933,,2000-06,726.05M,726.05M,0.02,,2000-06,AOR,Restated
2000-03,609.34M,612.53M,,,25.90M,,25.90M,51.44M,,30.88M,,,-157.12M,,,,,155.35M,263.57M,348.95M,,,,-157.12M,,143.37M,,,,143.37M,50.79M,348.95M,,2000-03,0.1933,0.3544,0.1933,,0.00,,0.3525,0.1933,,2000-03,741.59M,750.12M,0.02,,2000-03,AOR,Restated
1999-12,560.04M,565.67M,,,22.54M,,22.54M,51.63M,,29.91M,,,-126.49M,,,,,150.77M,254.86M,310.80M,,,,-126.49M,,137.52M,,,,137.52M,48.76M,310.80M,,1999-12,0.1833,0.3115,0.1833,,0.00,,0.3115,0.1833,,1999-12,750.12M,750.12M,0.02,,1999-12,AOR,Restated
1999-09,569.13M,573.97M,,,25.92M,,25.92M,58.08M,,33.65M,,,-133.67M,,,,,143.26M,260.91M,313.06M,,,,-133.67M,,132.44M,,,,132.44M,50.04M,313.06M,,1999-09,0.1733,0.3059,0.1733,,0.00,,0.3059,0.1733,,1999-09,766.29M,766.29M,0.0183,,1999-09,AOR,Restated
1999-06,562.01M,566.78M,,,26.38M,,26.38M,53.83M,,32.88M,,,-139.13M,,,,,145.82M,258.92M,307.86M,,,,-139.13M,,123.31M,,,,123.31M,35.90M,307.86M,,1999-06,0.1633,0.3020,0.1633,,0.00,,0.3020,0.1633,,1999-06,754.94M,754.94M,0.0183,,1999-06,,Restated
1999-03,548.59M,554.07M,,,25.39M,,25.39M,52.11M,,32.25M,,,-138.81M,,,,,159.90M,269.65M,284.42M,,,,-138.81M,,102.47M,,,,102.47M,62.52M,284.42M,,1999-03,0.1367,0.2714,0.1367,,0.00,,0.2714,0.1367,,1999-03,749.79M,749.79M,0.0183,,1999-03,,Restated
1998-12,564.71M,567.68M,,,28.24M,,28.24M,48.48M,,34.39M,,,-152.51M,,,,,202.76M,313.87M,253.81M,,,,-152.51M,,68.49M,,,,68.49M,51.55M,253.81M,,1998-12,0.09,0.2343,0.09,,0.00,,0.2343,0.09,,1998-12,761.02M,761.02M,0.0183,,1998-12,,Restated
1998-09,535.79M,556.58M,,,33.54M,,-385.18M,,,,,,,,,,,,2.062B,-1.505B,,,,,,112.25M,,,,112.25M,51.90M,-1.505B,,1998-09,0.1467,0.1467,0.1467,,0.00,,0.1467,0.1467,,1998-09,758.09M,758.09M,0.0167,,1998-09,AOR,Restated
1998-06,688.03M,688.03M,,,33.78M,152.69M,186.47M,,,,,,,-504.38M,,,,,-317.91M,1.006B,,,,,,131.01M,,,,131.01M,50.59M,1.006B,,1998-06,0.1733,0.1733,0.1733,,0.00,,0.1733,0.1733,,1998-06,758.58M,759.28M,0.0167,,1998-06,,
