,OperatingRevenue,Revenue,CostofGoodsSold,GrossProfit,SG&AExpense,ResearchandDevelopmentExpense,InvestmentWriteOff,SpecialIncomeandCharges,OperatingInterestExpense,OperatingInterestIncome,NetOperatingInterestIncome,OtherOperatingExpenses,TotalOperatingExpenses,OperatingIncome,Non-OperatingInterestIncome,Non-OperatingInterestExpense,NetNon-OperatingInterestIncomeExpense,OtherIncomeandExpenses,NetInterestIncome,Pre-TaxIncome,ProvisionforIncomeTaxes,IncomefromContinuingOperations,IncomefromDiscontinuedOperations,IncomeAttributabletoMinorityInterest,NetIncome,ReconciledDepreciation,EBIT,,BasicEPS(Quarterly),EPSBasicfromContinuingOperations,EPSBasic,,DilutedEPS(Quarterly),EPSDilutedfromContinuingOperations,EPSDilutedfromDiscontinuedOperations,,SharesData(Quarterly),AverageBasicSharesOutstanding,SECFilingLinks,AsOriginallyReported,Restated
2020-09,647.26M,647.26M,279.95M,367.31M,198.16M,59.55M,,,5.728M,,-5.728M,,257.71M,109.60M,,5.728M,-5.728M,1.581B,-5.728M,1.684B,369.64M,1.315B,,,1.315B,33.60M,1.690B,,2020-09,44.24,44.24,,2020-09,43.64,,,2020-09,29.72M,2020-09,AOR,
2020-06,536.88M,536.88M,243.89M,292.99M,189.26M,51.98M,4.60M,7.10M,5.74M,10.00M,4.26M,,241.25M,51.74M,10.00M,5.74M,4.26M,1.190B,4.26M,1.246B,279.52M,966.43M,,,966.43M,34.70M,1.252B,,2020-06,32.59,32.59,,2020-06,32.15,,,2020-06,29.65M,2020-06,AOR,
2020-03,571.64M,571.64M,254.28M,317.37M,193.69M,49.30M,,,5.69M,2.80M,-2.89M,,243.00M,74.37M,2.80M,5.69M,-2.89M,827.24M,-2.89M,898.70M,212.79M,685.91M,,,685.91M,33.60M,904.39M,,2020-03,22.97,22.97,,2020-03,22.72,,,2020-03,29.86M,2020-03,AOR,
2019-12,624.43M,624.43M,293.99M,330.44M,214.16M,57.07M,,,6.064M,,24.44M,,271.23M,59.20M,,6.064M,24.44M,615.80M,24.44M,699.43M,145.94M,553.49M,,,553.49M,34.40M,705.49M,,2019-12,18.50,18.50,,2019-12,18.31,,,2019-12,29.93M,2019-12,AOR,
2019-09,560.63M,560.63M,253.61M,307.03M,201.62M,47.94M,,,5.525M,,-5.525M,,249.57M,57.46M,,5.525M,-5.525M,-387.15M,-5.525M,-335.22M,-76.40M,-258.82M,,,-258.82M,33.70M,-329.69M,,2019-09,-8.68,-8.68,,2019-09,-8.68,,,2019-09,29.83M,2019-09,AOR,Restated
2019-06,572.62M,572.62M,264.85M,307.77M,201.26M,50.12M,0.00,0.00,5.841M,3.80M,-2.041M,,251.38M,56.39M,3.80M,5.841M,-2.041M,715.26M,-2.041M,769.60M,170.79M,598.81M,,,598.81M,33.20M,775.44M,,2019-06,20.08,20.08,,2019-06,19.86,,,2019-06,29.81M,2019-06,AOR,Restated
2019-03,553.98M,553.98M,242.22M,311.76M,207.58M,47.58M,1.60M,-1.60M,5.986M,19.50M,13.51M,,255.16M,56.61M,19.50M,5.986M,13.51M,1.057B,13.51M,1.127B,262.07M,865.20M,,,865.20M,32.90M,1.133B,,2019-03,29.03,29.03,,2019-03,28.74,,,2019-03,29.80M,2019-03,AOR,Restated
2018-12,616.85M,616.85M,284.28M,332.56M,214.03M,53.07M,0.80M,-293.31M,6.139M,5.70M,-0.439M,,267.11M,65.46M,5.70M,6.139M,-0.439M,-1.106B,-0.439M,-1.041B,-212.72M,-828.53M,,,-828.53M,34.50M,-1.035B,,2018-12,-27.88,-27.88,,2018-12,-27.88,,,2018-12,29.88M,2018-12,AOR,Restated
2018-09,545.14M,545.14M,258.42M,286.72M,201.20M,49.24M,0.00,0.00,6.064M,2.60M,-3.464M,,250.44M,36.28M,2.60M,6.064M,-3.464M,317.34M,-3.464M,350.13M,80.80M,269.33M,,,269.33M,34.90M,356.20M,,2018-09,9.02,9.02,,2018-09,8.89,,,2018-09,29.86M,2018-09,AOR,Restated
2018-06,575.91M,575.91M,274.24M,301.67M,210.42M,47.45M,0.00,0.00,5.977M,16.20M,10.22M,,257.88M,43.79M,16.20M,5.977M,10.22M,286.11M,10.22M,340.09M,72.04M,268.04M,,,268.04M,34.40M,346.06M,,2018-06,8.99,8.99,,2018-06,8.87,,,2018-06,29.81M,2018-06,AOR,Restated
2018-03,551.52M,551.52M,249.32M,302.20M,209.13M,49.43M,0.00,9.20M,5.782M,2.10M,-3.682M,,258.56M,43.65M,2.10M,5.782M,-3.682M,823.68M,-3.682M,863.69M,206.92M,656.77M,,,656.77M,34.30M,869.47M,,2018-03,22.05,22.05,,2018-03,21.77,,,2018-03,29.79M,2018-03,AOR,Restated
2017-12,621.30M,621.30M,276.04M,345.26M,201.73M,76.04M,,-18.51M,5.781M,19.09M,13.30M,,277.77M,67.49M,19.09M,5.781M,13.30M,-21.36M,13.30M,45.95M,-36.78M,82.73M,,,82.73M,42.70M,51.73M,,2017-12,2.35,2.35,,2017-12,2.32,,,2017-12,29.77M,2017-12,AOR,Restated
2017-09,534.14M,534.14M,235.13M,299.01M,198.17M,62.08M,,0.00,5.872M,1.40M,-4.472M,,260.25M,38.76M,1.40M,5.872M,-4.472M,-3.663M,-4.472M,30.59M,8.521M,22.07M,,,22.07M,35.30M,36.46M,,2017-09,0.74,0.74,,2017-09,0.73,,,2017-09,29.66M,2017-09,AOR,Restated
2017-06,504.67M,504.67M,231.29M,273.38M,212.49M,62.59M,,,6.045M,12.00M,5.955M,,275.08M,-1.701M,12.00M,6.045M,5.955M,-3.116M,5.955M,1.12M,-3.915M,5.035M,,,5.035M,37.00M,7.165M,,2017-06,0.17,0.17,,2017-06,0.17,,,2017-06,29.61M,2017-06,AOR,Restated
2017-03,500.05M,500.05M,229.99M,270.06M,194.40M,49.45M,,0.00,5.316M,1.10M,-4.216M,,243.85M,26.21M,1.10M,5.316M,-4.216M,-1.889M,-4.216M,20.15M,7.734M,12.41M,,,12.41M,33.70M,25.46M,,2017-03,0.42,0.42,,2017-03,0.41,,,2017-03,29.58M,2017-03,AOR,Restated
2016-12,571.45M,571.45M,256.76M,314.70M,217.99M,57.39M,,-60.54M,6.534M,1.50M,-5.034M,,275.38M,39.32M,1.50M,6.534M,-5.034M,-62.41M,-5.034M,-28.19M,-5.492M,-22.70M,,,-22.70M,32.74M,-21.65M,,2016-12,-0.70,-0.70,,2016-12,-0.70,,,2016-12,29.55M,2016-12,AOR,Restated
2016-09,508.74M,508.74M,229.28M,279.47M,201.45M,49.92M,,0.00,5.634M,1.30M,-4.334M,,251.38M,28.09M,1.30M,5.634M,-4.334M,-1.11M,-4.334M,22.69M,4.283M,18.40M,,,18.40M,38.49M,28.32M,,2016-09,0.63,0.63,,2016-09,0.62,,,2016-09,29.44M,2016-09,AOR,Restated
2016-06,516.78M,516.78M,236.54M,280.23M,205.54M,49.81M,,-2.36M,5.632M,10.60M,4.968M,,255.35M,24.88M,10.60M,5.632M,4.968M,-2.997M,4.968M,26.86M,8.85M,18.01M,,,18.01M,37.58M,32.50M,,2016-06,0.61,0.61,,2016-06,0.61,,,2016-06,29.40M,2016-06,AOR,Restated
2016-03,471.20M,471.20M,207.17M,264.03M,189.72M,48.59M,,,5.58M,1.20M,-4.38M,,238.30M,25.73M,1.20M,5.58M,-4.38M,-1.129M,-4.38M,20.20M,7.919M,12.28M,,,12.28M,34.09M,25.78M,,2016-03,0.42,0.42,,2016-03,0.42,,,2016-03,29.36M,2016-03,AOR,Restated
2015-12,570.56M,570.56M,262.04M,308.52M,193.14M,55.89M,,,6.034M,1.40M,-4.634M,,249.03M,59.48M,1.40M,6.034M,-4.634M,-0.639M,-4.634M,54.20M,8.57M,45.63M,,,45.63M,33.83M,60.23M,,2015-12,1.69,1.69,,2015-12,1.68,,,2015-12,29.32M,2015-12,AOR,Restated
2015-09,469.96M,469.96M,206.51M,263.45M,187.44M,43.34M,,,5.822M,0.70M,-5.122M,,230.78M,32.67M,0.70M,5.822M,-5.122M,-2.166M,-5.122M,25.42M,8.045M,17.37M,,,17.37M,33.56M,31.24M,,2015-09,0.59,0.59,,2015-09,0.59,,,2015-09,29.20M,2015-09,AOR,Restated
2015-06,506.10M,506.10M,226.50M,279.60M,192.84M,46.55M,,,4.834M,7.10M,2.266M,,239.39M,40.20M,7.10M,4.834M,2.266M,-2.938M,2.266M,39.54M,11.12M,28.42M,,,28.42M,32.13M,44.37M,,2015-06,0.98,0.98,,2015-06,0.97,,,2015-06,29.14M,2015-06,AOR,Restated
2015-03,472.82M,472.82M,202.72M,270.11M,188.56M,47.20M,,,5.002M,0.90M,-4.102M,,235.76M,34.35M,0.90M,5.002M,-4.102M,-3.506M,-4.102M,26.69M,8.876M,17.82M,,,17.82M,32.28M,31.70M,,2015-03,0.61,0.61,,2015-03,0.61,,,2015-03,29.09M,2015-03,AOR,Restated
2014-12,598.22M,598.22M,280.81M,317.41M,207.54M,59.29M,,,5.00M,3.50M,-1.50M,,266.82M,50.59M,3.50M,5.00M,-1.50M,-3.387M,-1.50M,45.75M,6.709M,39.04M,,,39.04M,39.77M,50.75M,,2014-12,1.35,1.35,,2014-12,1.34,,,2014-12,29.00M,2014-12,AOR,Restated
2014-09,530.64M,530.64M,242.07M,288.58M,202.55M,52.79M,,,7.71M,0.80M,-6.91M,,255.34M,33.24M,0.80M,7.71M,-6.91M,-3.867M,-6.91M,22.48M,10.97M,11.51M,,,11.51M,37.12M,30.19M,,2014-09,0.40,0.40,,2014-09,0.39,,,2014-09,28.88M,2014-09,AOR,Restated
2014-06,536.83M,536.83M,239.59M,297.24M,195.84M,55.72M,,,5.564M,8.50M,2.936M,,251.56M,45.69M,8.50M,5.564M,2.936M,0.186M,2.936M,48.80M,17.17M,31.63M,,,31.63M,36.34M,54.36M,,2014-06,1.10,1.10,,2014-06,1.09,,,2014-06,28.83M,2014-06,AOR,Restated
2014-03,509.34M,509.34M,234.06M,275.29M,202.28M,52.54M,,,3.857M,0.70M,-3.157M,,254.82M,20.47M,0.70M,3.857M,-3.157M,-2.737M,-3.157M,14.54M,7.87M,6.668M,,,6.668M,36.67M,18.40M,,2014-03,0.23,0.23,,2014-03,0.23,,,2014-03,28.79M,2014-03,AOR,Restated
2013-12,602.64M,602.64M,279.89M,322.75M,214.58M,55.85M,,,7.019M,3.20M,-3.819M,,270.43M,52.32M,3.20M,7.019M,-3.819M,-3.943M,-3.819M,44.51M,14.37M,30.14M,,0.00,30.14M,42.02M,51.53M,,2013-12,1.05,1.05,,2013-12,1.04,,,2013-12,28.71M,2013-12,AOR,Restated
2013-09,505.07M,505.07M,220.85M,284.22M,202.24M,52.92M,,,31.61M,1.10M,-30.51M,,255.16M,29.06M,1.10M,31.61M,-30.51M,-3.73M,-30.51M,-5.216M,1.883M,-7.099M,,0.00,-7.099M,36.97M,26.40M,,2013-09,-0.25,-0.25,,2013-09,-0.25,,,2013-09,28.60M,2013-09,AOR,Restated
2013-06,525.32M,525.32M,225.22M,300.10M,195.33M,51.84M,,,11.66M,7.80M,-3.864M,,247.17M,52.93M,7.80M,11.66M,-3.864M,-0.065M,-3.864M,49.04M,14.44M,34.60M,,0.00,34.60M,34.92M,60.71M,,2013-06,1.21,1.21,,2013-06,1.20,,,2013-06,28.54M,2013-06,AOR,Restated
2013-03,499.67M,499.67M,228.26M,271.41M,185.92M,50.34M,,,10.98M,1.30M,-9.677M,,236.26M,35.15M,1.30M,10.98M,-9.677M,-1.428M,-9.677M,24.05M,3.875M,20.17M,,-0.021M,20.15M,33.29M,35.02M,,2013-03,0.71,0.71,,2013-03,0.70,,,2013-03,28.49M,2013-03,AOR,Restated
2012-12,573.84M,573.84M,259.29M,314.55M,188.86M,58.57M,,,13.61M,3.50M,-10.11M,,247.43M,67.11M,3.50M,13.61M,-10.11M,2.168M,-10.11M,59.16M,15.99M,43.17M,,0.079M,43.25M,35.52M,72.77M,,2012-12,1.67,1.67,,2012-12,1.65,,,2012-12,28.40M,2012-12,AOR,Restated
2012-09,498.70M,498.70M,224.93M,273.77M,160.13M,47.80M,,,11.90M,1.00M,-10.90M,,207.93M,65.84M,1.00M,11.90M,-10.90M,0.052M,-10.90M,55.00M,12.38M,42.62M,,0.013M,42.63M,32.14M,66.90M,,2012-09,1.51,1.51,,2012-09,1.49,,,2012-09,28.31M,2012-09,AOR,Restated
2012-06,510.42M,510.42M,222.52M,287.90M,162.26M,52.34M,,,12.40M,5.90M,-6.501M,,214.59M,73.31M,5.90M,12.40M,-6.501M,-0.819M,-6.501M,66.02M,17.45M,48.56M,,-0.222M,48.34M,31.65M,78.42M,,2012-06,1.71,1.71,,2012-06,1.69,,,2012-06,28.25M,2012-06,AOR,Restated
2012-03,486.28M,486.28M,207.70M,278.58M,171.29M,52.92M,,,13.20M,1.00M,-12.20M,,224.22M,54.37M,1.00M,13.20M,-12.20M,4.059M,-12.20M,46.18M,15.24M,30.94M,,0.061M,31.00M,31.10M,59.38M,,2012-03,1.10,1.10,,2012-03,1.09,,,2012-03,28.20M,2012-03,AOR,Restated
2011-12,550.24M,550.24M,238.33M,311.91M,174.61M,41.28M,,-8.207M,11.99M,,-3.787M,,215.89M,96.02M,,11.99M,-3.787M,-8.217M,-3.787M,83.99M,24.00M,59.99M,,0.038M,60.03M,32.87M,95.98M,,2011-12,2.14,2.14,,2011-12,2.11,,,2011-12,28.13M,2011-12,AOR,Restated
2011-09,516.51M,516.51M,220.34M,296.18M,176.87M,45.39M,,0.538M,12.34M,,-12.34M,,222.25M,73.92M,,12.34M,-12.34M,-5.808M,-12.34M,55.77M,9.911M,45.86M,,0.035M,45.90M,30.38M,68.11M,,2011-09,1.63,1.63,,2011-09,1.61,0.00,,2011-09,28.07M,2011-09,AOR,Restated
2011-06,521.66M,521.66M,228.52M,293.14M,176.74M,48.21M,,4.418M,12.04M,,-12.04M,,224.95M,68.19M,,12.04M,-12.04M,1.674M,-12.04M,57.82M,17.80M,40.02M,,0.026M,40.05M,29.63M,69.86M,,2011-06,1.43,1.43,,2011-06,1.41,0.00,,2011-06,28.01M,2011-06,AOR,Restated
2011-03,485.12M,485.12M,207.51M,277.61M,167.76M,42.73M,,0.951M,16.77M,,-16.77M,,210.49M,67.12M,,16.77M,-16.77M,-2.091M,-16.77M,48.26M,15.32M,32.94M,,0.101M,33.04M,28.12M,65.03M,,2011-03,1.18,1.18,,2011-03,1.16,0.00,,2011-03,27.90M,2011-03,AOR,Restated
2010-12,533.72M,533.72M,234.00M,299.72M,176.67M,45.27M,,-4.272M,20.55M,,-15.35M,,221.94M,77.78M,,20.55M,-15.35M,-5.21M,-15.35M,57.20M,-10.74M,67.94M,,-0.029M,67.91M,28.94M,77.75M,,2010-12,2.44,2.44,,2010-12,2.41,,,2010-12,27.81M,2010-12,AOR,Restated
2010-09,471.50M,471.50M,205.17M,266.33M,148.65M,42.87M,,0.256M,14.40M,,-14.40M,,191.53M,74.80M,,14.40M,-14.40M,-2.493M,-14.40M,57.91M,12.82M,45.08M,,-0.321M,44.76M,26.33M,72.31M,,2010-09,1.62,1.62,,2010-09,1.59,0.00,,2010-09,27.70M,2010-09,AOR,Restated
2010-06,467.66M,467.66M,199.35M,268.31M,156.27M,43.86M,,2.517M,14.32M,,-14.32M,,200.13M,68.18M,,14.32M,-14.32M,1.503M,-14.32M,55.35M,16.83M,38.52M,,-0.564M,37.96M,26.08M,69.68M,,2010-06,1.37,1.37,,2010-06,1.35,0.00,,2010-06,27.61M,2010-06,AOR,Restated
2010-03,454.23M,454.23M,197.11M,257.13M,153.62M,40.26M,,1.016M,14.44M,,-14.44M,,193.88M,63.25M,,14.44M,-14.44M,1.016M,-14.44M,49.82M,14.43M,35.39M,,-0.531M,34.86M,27.55M,64.26M,,2010-03,1.27,1.27,,2010-03,1.24,0.00,,2010-03,27.54M,2010-03,AOR,Restated
2009-12,495.07M,495.07M,226.60M,268.47M,163.86M,44.51M,,1.362M,14.36M,,-14.36M,,208.37M,60.10M,,14.36M,-14.36M,-3.641M,-14.36M,42.09M,3.571M,38.52M,,-0.66M,37.86M,27.70M,56.46M,,2009-12,1.38,1.38,,2009-12,1.35,0.00,,2009-12,27.49M,2009-12,AOR,Restated
2009-09,461.06M,461.06M,200.54M,260.51M,153.62M,39.52M,,-1.664M,14.49M,,-14.49M,,193.14M,67.37M,,14.49M,-14.49M,-1.664M,-14.49M,51.22M,11.92M,39.30M,,-0.776M,38.52M,26.24M,65.71M,,2009-09,1.40,1.40,,2009-09,1.38,0.00,,2009-09,27.43M,2009-09,AOR,Restated
2009-06,427.18M,427.18M,185.22M,241.96M,143.67M,42.41M,,3.756M,10.37M,,-10.37M,,186.08M,55.88M,,10.37M,-10.37M,3.756M,-10.37M,49.27M,9.974M,39.30M,,-1.331M,37.97M,25.44M,59.64M,,2009-06,1.39,1.39,,2009-06,1.37,0.00,,2009-06,27.37M,2009-06,AOR,Restated
2009-03,400.93M,400.93M,172.03M,228.90M,140.31M,37.15M,,-0.385M,7.807M,,-7.807M,,177.46M,51.44M,,7.807M,-7.807M,-0.385M,-7.807M,43.24M,11.20M,32.04M,,-1.778M,30.26M,22.33M,51.05M,,2009-03,1.11,1.11,,2009-03,1.10,0.00,,2009-03,27.32M,2009-03,AOR,Restated
2008-12,447.96M,447.96M,201.29M,246.68M,154.50M,41.12M,,-31.38M,7.985M,,-7.985M,,195.62M,51.06M,,7.985M,-7.985M,-39.02M,-7.985M,4.059M,10.57M,-6.508M,,-1.708M,-8.216M,22.78M,12.04M,,2008-12,-0.31,-0.31,,2008-12,-0.31,0.00,,2008-12,27.28M,2008-12,AOR,Restated
2008-09,441.84M,441.84M,201.30M,240.54M,150.52M,38.83M,,0.432M,8.18M,,-8.18M,,189.35M,51.19M,,8.18M,-8.18M,0.432M,-8.18M,43.45M,12.56M,30.89M,,-3.056M,27.83M,25.00M,51.63M,,2008-09,1.02,1.02,,2008-09,1.00,0.00,,2008-09,27.17M,2008-09,,Restated
2008-06,452.36M,452.36M,203.94M,248.42M,146.63M,42.08M,,4.239M,7.991M,,-7.991M,,188.71M,59.71M,,7.991M,-7.991M,4.239M,-7.991M,55.96M,10.63M,45.32M,,-1.926M,43.40M,25.58M,63.95M,,2008-06,1.61,1.61,,2008-06,1.57,0.00,,2008-06,27.04M,2008-06,,Restated
2008-03,422.20M,422.20M,195.31M,226.88M,139.66M,37.49M,,-2.40M,7.957M,,-7.957M,,177.14M,49.74M,,7.957M,-7.957M,-2.40M,-7.957M,39.38M,10.82M,28.56M,,-2.064M,26.50M,23.74M,47.34M,,2008-03,0.98,0.98,,2008-03,0.96,0.00,,2008-03,26.96M,2008-03,,Restated
2007-12,459.69M,459.69M,226.06M,233.63M,162.99M,47.51M,,0.051M,,,,,210.50M,23.13M,,,,-2.525M,,12.58M,-1.072M,13.66M,,,12.36M,,40.39M,,2007-12,0.45,0.45,,2007-12,0.45,0.00,,2007-12,26.91M,2007-12,,Restated
2007-09,339.74M,339.74M,151.38M,188.36M,117.69M,33.14M,,5.43M,,,,,150.83M,37.52M,,,,5.43M,,35.11M,7.137M,27.97M,,,27.97M,14.57M,37.52M,,2007-09,1.05,1.05,,2007-09,1.03,0.00,,2007-09,26.72M,2007-09,,
2007-06,339.11M,339.11M,149.12M,189.99M,119.55M,34.75M,,7.893M,,,,,154.30M,35.69M,,,,7.893M,,35.71M,10.04M,25.67M,,,25.67M,14.46M,35.69M,,2007-06,0.96,0.96,,2007-06,0.95,0.00,,2007-06,26.66M,2007-06,,
2007-03,322.51M,322.51M,143.13M,179.38M,107.75M,32.78M,,6.458M,,,,,140.53M,38.85M,,,,6.458M,,37.44M,10.44M,27.00M,,,27.00M,14.38M,38.85M,,2007-03,1.02,1.02,,2007-03,0.99,0.00,,2007-03,26.58M,2007-03,,
2006-12,343.08M,343.08M,157.52M,185.56M,122.46M,37.43M,,7.141M,,,,,159.89M,25.67M,,,,6.088M,,23.84M,7.196M,16.65M,,,16.65M,15.10M,53.61M,,2006-12,0.63,0.63,,2006-12,0.61,0.00,,2006-12,26.48M,2006-12,,Restated
2006-09,304.76M,304.76M,137.98M,166.79M,105.95M,30.99M,,10.81M,,,,,136.94M,29.85M,,,,10.81M,,32.45M,9.296M,23.15M,,,23.15M,13.86M,29.85M,,2006-09,0.88,0.88,,2006-09,0.86,0.00,,2006-09,26.41M,2006-09,,
2006-06,317.75M,317.75M,133.08M,184.66M,110.47M,30.97M,,6.512M,,,,,141.44M,43.22M,,,,6.512M,,41.86M,9.591M,32.27M,,,32.27M,13.46M,43.22M,,2006-06,1.22,1.22,,2006-06,1.20,0.00,,2006-06,26.34M,2006-06,,
2006-03,308.34M,308.34M,132.81M,175.53M,100.07M,28.09M,,4.531M,,,,,128.16M,47.37M,,,,4.531M,,43.88M,12.68M,31.20M,,,31.20M,12.97M,47.37M,,2006-03,1.19,1.19,,2006-03,1.16,0.00,,2006-03,26.28M,2006-03,,
2005-12,307.29M,307.29M,144.66M,162.62M,109.63M,31.11M,,-4.614M,,,,,140.74M,21.89M,,,,-4.614M,,9.005M,-4.447M,13.45M,0.00,,13.45M,16.42M,21.89M,,2005-12,0.51,0.51,,2005-12,0.50,0.00,,2005-12,26.21M,2005-12,,
2005-09,283.22M,283.22M,126.41M,156.81M,102.74M,28.67M,,3.603M,,,,,131.41M,25.40M,,,,3.603M,,20.79M,4.575M,16.22M,,,16.22M,14.49M,25.40M,,2005-09,0.62,0.62,,2005-09,0.61,0.00,,2005-09,26.12M,2005-09,,
2005-06,291.30M,291.30M,130.66M,160.64M,104.22M,28.50M,,5.611M,,,,,132.72M,27.92M,,,,5.611M,,25.49M,7.101M,18.39M,,,18.39M,14.92M,27.92M,,2005-06,0.71,0.71,,2005-06,0.69,0.00,,2005-06,26.02M,2005-06,,
2005-03,299.17M,299.17M,132.76M,166.41M,99.50M,26.82M,,6.115M,,,,,126.32M,40.08M,,,,6.115M,,38.08M,8.563M,29.52M,3.974M,,33.49M,15.17M,40.08M,,2005-03,1.14,1.29,,2005-03,1.11,0.15,,2005-03,25.91M,2005-03,,
2004-12,307.87M,307.87M,139.53M,168.34M,110.82M,31.88M,,7.015M,,,,,142.71M,25.62M,,,,7.015M,,27.38M,10.27M,17.11M,0.00,,17.11M,18.77M,25.62M,,2004-12,0.67,0.66,,2004-12,0.65,-0.01,,2004-12,25.82M,2004-12,,
2004-09,258.85M,258.85M,116.04M,142.81M,90.18M,26.58M,,-11.94M,,,,,116.76M,26.05M,,,,-11.94M,,9.117M,2.827M,6.29M,,,6.29M,13.85M,26.05M,,2004-09,0.24,0.24,,2004-09,0.24,0.00,,2004-09,25.75M,2004-09,,
2004-06,260.55M,260.55M,110.88M,149.66M,90.20M,25.54M,,0.321M,,,,,115.74M,33.92M,,,,0.321M,,29.32M,9.048M,20.27M,2.592M,,22.86M,12.38M,33.92M,,2004-06,0.79,0.89,,2004-06,0.76,0.10,,2004-06,25.70M,2004-06,,
2004-03,262.75M,262.75M,113.48M,149.26M,87.06M,24.33M,,-1.318M,,,,,111.39M,37.87M,,,,-1.318M,,31.51M,8.886M,22.62M,-0.642M,,21.98M,10.50M,37.87M,,2004-03,0.88,0.86,,2004-03,0.85,-0.02,,2004-03,25.62M,2004-03,,
2003-12,258.10M,258.10M,112.60M,145.50M,87.04M,25.65M,,-0.241M,,,,,112.68M,32.82M,,,,-0.241M,,30.31M,9.164M,18.64M,0.553M,,19.19M,10.84M,32.82M,,2003-12,0.73,0.75,,2003-12,0.71,0.02,,2003-12,25.52M,2003-12,,
2003-09,241.81M,241.81M,106.82M,134.99M,78.22M,23.02M,,-0.988M,,,,,101.24M,33.75M,,,,-0.988M,,14.42M,4.841M,10.03M,-0.374M,,9.66M,10.66M,33.75M,,2003-09,0.39,0.38,,2003-09,0.38,-0.01,,2003-09,25.47M,2003-09,,
2003-06,239.32M,239.32M,104.26M,135.06M,76.95M,21.99M,,0.326M,,,,,98.94M,36.12M,,,,0.326M,,32.75M,10.83M,21.92M,-0.963M,,20.96M,10.60M,36.12M,,2003-06,0.86,0.83,,2003-06,0.83,-0.03,,2003-06,25.39M,2003-06,,
2003-03,245.97M,245.97M,103.26M,142.71M,77.16M,21.39M,,-0.165M,,,,,98.55M,44.17M,,,,-0.165M,,39.35M,12.99M,26.36M,,,26.36M,9.896M,44.17M,,2003-03,1.04,1.04,,2003-03,1.01,0.00,,2003-03,25.28M,2003-03,,
2002-12,215.29M,215.29M,88.37M,126.92M,72.94M,19.75M,,1.39M,,,,,92.70M,34.22M,,,,1.39M,,25.80M,8.896M,16.90M,,,16.24M,,34.22M,,2002-12,0.67,0.64,,2002-12,0.64,-0.03,,2002-12,25.35M,2002-12,,
2002-09,224.88M,224.88M,95.85M,129.03M,73.42M,19.99M,,-2.382M,,,,,93.40M,35.62M,,,,-2.382M,,26.38M,9.763M,16.62M,,,16.62M,10.09M,35.62M,,2002-09,0.66,0.66,,2002-09,0.64,0.00,,2002-09,25.16M,2002-09,,
2002-06,214.66M,214.66M,92.39M,122.27M,69.49M,19.81M,,-1.57M,,,,,89.29M,32.98M,,,,-1.57M,,25.43M,9.198M,16.23M,,,16.23M,8.523M,32.98M,,2002-06,0.65,0.65,,2002-06,0.62,0.00,,2002-06,25.10M,2002-06,,
2002-03,210.18M,210.18M,88.84M,121.34M,65.66M,20.24M,,-2.28M,,,,,85.90M,35.44M,,,,-2.28M,,27.61M,8.835M,18.77M,,,18.77M,8.817M,35.44M,,2002-03,0.75,0.75,,2002-03,0.73,0.00,,2002-03,24.93M,2002-03,,
2001-12,233.38M,233.38M,99.48M,133.90M,77.47M,21.99M,,-7.126M,,,,,99.46M,34.44M,,,,-7.126M,,21.83M,4.829M,17.00M,,,17.00M,10.61M,34.44M,,2001-12,0.685,0.685,,2001-12,0.67,0.00,,2001-12,24.78M,2001-12,,
2001-09,186.10M,186.10M,79.92M,106.19M,67.20M,18.42M,,-3.301M,,,,,85.63M,20.56M,,,,-3.301M,,11.19M,4.139M,7.047M,,,7.047M,10.44M,20.56M,,2001-09,0.285,0.285,,2001-09,0.275,0.00,,2001-09,24.70M,2001-09,,
2001-06,195.35M,195.35M,85.61M,109.74M,65.34M,17.70M,,-2.41M,,,,,83.04M,26.70M,,,,-2.41M,,18.35M,6.789M,11.56M,,,11.56M,9.944M,26.70M,,2001-06,0.47,0.47,,2001-06,0.455,0.00,,2001-06,24.60M,2001-06,,
2001-03,202.67M,202.67M,81.02M,121.65M,62.60M,18.43M,,-10.13M,,,,-10.30M,81.03M,40.62M,,,,-10.13M,,13.60M,5.033M,8.569M,,,8.569M,10.30M,40.62M,,2001-03,0.35,0.35,,2001-03,0.34,0.00,,2001-03,24.51M,2001-03,,
2000-12,177.83M,177.83M,42.05M,135.78M,61.05M,16.52M,,3.983M,,,,,120.88M,14.90M,,,,3.983M,,12.19M,2.327M,9.862M,,,9.152M,10.88M,14.90M,,2000-12,0.40,0.37,,2000-12,0.40,-0.03,,2000-12,24.46M,2000-12,,
2000-09,175.76M,175.76M,84.09M,91.67M,60.06M,16.37M,,13.56M,,,,,76.44M,15.24M,,,,13.56M,,21.45M,7.527M,13.92M,,,13.92M,10.70M,15.24M,,2000-09,0.57,0.57,,2000-09,0.57,0.00,,2000-09,24.43M,2000-09,,
2000-06,186.83M,186.83M,87.19M,99.63M,64.00M,17.38M,,-2.985M,,,,,81.38M,18.25M,,,,-2.985M,,7.462M,2.388M,5.074M,,,5.074M,11.04M,18.25M,,2000-06,0.21,0.21,,2000-06,0.205,0.00,,2000-06,24.44M,2000-06,,
2000-03,185.46M,185.46M,76.03M,109.43M,62.50M,17.87M,,-5.265M,,,,-10.69M,80.37M,29.06M,,,,-5.265M,,4.346M,1.391M,2.955M,,,2.955M,10.69M,29.06M,,2000-03,0.12,0.12,,2000-03,0.12,0.00,,2000-03,24.35M,2000-03,,
1999-12,200.30M,200.30M,86.33M,113.97M,71.97M,18.81M,,-17.84M,,,,,101.67M,12.30M,,,,-17.84M,,-15.68M,-4.505M,-11.18M,,,-11.18M,10.90M,12.30M,,1999-12,-0.46,-0.46,,1999-12,-0.465,0.00,,1999-12,24.18M,1999-12,,
1999-09,113.50M,113.50M,46.10M,67.40M,43.60M,11.00M,,-0.30M,,,,,60.40M,7.00M,,,,-0.30M,,6.00M,1.70M,4.30M,,,4.30M,5.80M,7.00M,,1999-09,0.175,0.175,,1999-09,0.175,0.00,,1999-09,24.57M,1999-09,,
1999-06,115.79M,115.79M,45.00M,70.79M,41.80M,10.90M,,-0.70M,,,,,58.30M,12.49M,,,,-0.70M,,11.10M,3.20M,7.90M,,,7.90M,5.60M,12.49M,,1999-06,0.325,0.325,,1999-06,0.325,0.00,,1999-06,24.31M,1999-06,,
1999-03,125.74M,125.74M,50.30M,75.44M,43.00M,10.50M,,-0.60M,,,,,58.70M,16.74M,,,,-0.60M,,15.10M,4.30M,10.80M,,,10.80M,5.20M,16.74M,,1999-03,0.445,0.445,,1999-03,0.445,0.00,,1999-03,24.27M,1999-03,,
1998-12,124.76M,124.76M,50.26M,74.50M,49.30M,10.58M,,0.914M,,,,,65.56M,8.945M,,,,0.914M,,9.028M,2.626M,6.402M,,,6.402M,5.675M,8.945M,,1998-12,0.26,0.26,,1998-12,0.26,0.00,,1998-12,24.55M,1998-12,,
1998-09,99.00M,99.00M,40.30M,58.70M,41.00M,10.20M,,1.30M,,,,,56.30M,2.40M,,,,1.30M,,2.70M,0.80M,1.90M,,,1.90M,5.10M,2.40M,,1998-09,0.08,0.08,,1998-09,0.08,0.00,,1998-09,23.75M,1998-09,,
1998-06,107.90M,107.90M,43.90M,64.00M,41.50M,10.60M,,4.40M,,,,,57.20M,6.80M,,,,4.40M,,10.10M,2.90M,7.20M,,,7.20M,5.10M,6.80M,,1998-06,0.29,0.29,,1998-06,0.29,0.00,,1998-06,24.83M,1998-06,,
