,OperatingRevenue,Revenue,CostofGoodsSold,GrossProfit,GeneralandAdministrativeExpense,SG&AExpense,SpecialIncomeandCharges,OperatingInterestExpense,OperatingInterestIncome,NetOperatingInterestIncome,OtherOperatingExpenses,TotalOperatingExpenses,OperatingIncome,Non-OperatingInterestIncome,Non-OperatingInterestExpense,NetNon-OperatingInterestIncomeExpense,OtherIncomeandExpenses,NetInterestIncome,Pre-TaxIncome,ProvisionforIncomeTaxes,IncomefromContinuingOperations,IncomefromDiscontinuedOperations,"ExtraordinaryItems,IncomeStatement",IncomeAttributabletoMinorityInterest,NetIncome,ReconciledDepreciation,EBIT,,BasicEPS(Quarterly),EPSBasicfromContinuingOperations,NormalizedBasicEPS,EPSBasic,,DilutedEPS(Quarterly),EPSDilutedfromContinuingOperations,NormalizedDilutedEPS,EPSDiluted,,AverageDilutedSharesOutstanding,DividendPerShare,,SECFilingLinks,AsOriginallyReported,Restated
2020-09,3.968B,3.968B,2.495B,1.473B,,,0.00,128.00M,1.00M,-127.00M,933.00M,933.00M,540.00M,1.00M,128.00M,-127.00M,46.00M,-127.00M,459.00M,139.00M,320.00M,,,-4.00M,316.00M,185.00M,587.00M,,2020-09,0.62,0.6392,0.62,,2020-09,0.62,0.6391,0.62,,512.00M,0.465,,2020-09,AOR,
2020-06,4.189B,4.189B,2.429B,1.76B,,,0.00,132.00M,2.00M,-130.00M,875.00M,875.00M,885.00M,2.00M,132.00M,-130.00M,32.00M,-130.00M,787.00M,207.00M,580.00M,,,-8.00M,572.00M,179.00M,919.00M,,2020-06,1.13,1.175,1.13,,2020-06,1.12,1.165,1.12,,511.00M,0.455,,2020-06,AOR,
2020-03,4.651B,4.651B,2.555B,2.096B,,,,127.00M,2.00M,-125.00M,1.026B,1.026B,1.07B,2.00M,127.00M,-125.00M,62.00M,-125.00M,1.007B,240.00M,767.00M,,,-13.00M,754.00M,183.00M,1.134B,,2020-03,1.49,1.493,1.49,,2020-03,1.48,1.483,1.48,,510.00M,0.455,,2020-03,AOR,
2019-12,4.354B,4.264B,2.478B,1.786B,,,0.00,130.00M,5.00M,-125.00M,1.194B,1.194B,592.00M,5.00M,130.00M,-125.00M,64.00M,-125.00M,531.00M,135.00M,396.00M,,,-5.00M,391.00M,167.00M,661.00M,,2019-12,0.7758,0.7728,0.77,,2019-12,0.7667,0.7637,0.76,,511.00M,0.455,,2019-12,AOR,
2019-09,3.968B,3.968B,2.437B,1.531B,,,0.00,133.00M,4.00M,-129.00M,1.064B,1.064B,467.00M,4.00M,133.00M,-129.00M,76.00M,-129.00M,414.00M,108.00M,306.00M,,,-3.00M,303.00M,170.00M,547.00M,,2019-09,0.60,0.5898,0.60,,2019-09,0.59,0.5799,0.59,,511.00M,0.455,,2019-09,AOR,Restated
2019-06,4.349B,4.349B,2.537B,1.812B,,,-69.00M,141.00M,2.00M,-139.00M,1.132B,1.132B,680.00M,2.00M,141.00M,-139.00M,9.00M,-139.00M,550.00M,206.00M,344.00M,,,-12.00M,332.00M,185.00M,691.00M,,2019-06,0.66,0.7353,0.66,,2019-06,0.65,0.7246,0.65,,512.00M,0.415,,2019-06,AOR,Restated
2019-03,4.071B,4.071B,2.282B,1.789B,,,29.00M,120.00M,28.00M,-92.00M,851.00M,851.00M,938.00M,28.00M,120.00M,-92.00M,98.00M,-92.00M,944.00M,217.00M,727.00M,,,-11.00M,716.00M,125.00M,1.064B,,2019-03,1.42,1.368,1.42,,2019-03,1.40,1.349,1.40,,511.00M,0.415,,2019-03,AOR,Restated
2018-12,3.769B,3.712B,2.163B,1.549B,,,-341.00M,92.00M,3.00M,-89.00M,928.00M,928.00M,621.00M,3.00M,92.00M,-89.00M,-308.00M,-89.00M,224.00M,65.00M,159.00M,,,-6.00M,153.00M,123.00M,316.00M,,2018-12,0.30,0.7615,0.30,,2018-12,0.30,0.7597,0.30,,508.00M,0.415,,2018-12,AOR,Restated
2018-09,3.504B,3.504B,2.083B,1.421B,,,-100.00M,69.00M,2.00M,-67.00M,880.00M,880.00M,541.00M,2.00M,69.00M,-67.00M,-89.00M,-67.00M,385.00M,106.00M,279.00M,,,-3.00M,276.00M,124.00M,454.00M,,2018-09,0.55,0.7687,0.55,,2018-09,0.54,0.7561,0.54,,510.00M,0.415,,2018-09,AOR,Restated
2018-06,3.734B,3.734B,2.135B,1.599B,,,0.00,68.00M,3.00M,-65.00M,908.00M,908.00M,691.00M,3.00M,68.00M,-65.00M,93.00M,-65.00M,719.00M,183.00M,536.00M,,,-5.00M,531.00M,122.00M,787.00M,,2018-06,1.05,1.009,1.05,,2018-06,1.04,0.9993,1.04,,512.00M,0.375,,2018-06,AOR,Restated
2018-03,4.012B,4.00B,2.224B,1.776B,,,,61.00M,3.00M,-58.00M,868.00M,868.00M,908.00M,3.00M,61.00M,-58.00M,66.00M,-58.00M,916.00M,220.00M,696.00M,,,-6.00M,690.00M,125.00M,977.00M,,2018-03,1.36,1.36,1.36,,2018-03,1.34,1.34,1.34,,514.00M,0.375,,2018-03,AOR,Restated
2017-12,3.701B,3.685B,2.114B,1.571B,,,,59.00M,3.00M,-56.00M,901.00M,901.00M,670.00M,3.00M,59.00M,-56.00M,28.00M,-56.00M,642.00M,614.00M,28.00M,,,-1.00M,29.00M,125.00M,701.00M,,2017-12,0.05,0.0359,0.06,,2017-12,0.05,0.0360,0.06,,516.00M,0.00,,2017-12,AOR,Restated
2017-09,3.35B,3.341B,1.968B,1.373B,,,,60.00M,2.00M,-58.00M,838.00M,838.00M,535.00M,2.00M,60.00M,-58.00M,60.00M,-58.00M,537.00M,140.00M,397.00M,,,-4.00M,393.00M,120.00M,597.00M,,2017-09,0.77,0.7729,0.77,,2017-09,0.76,0.7628,0.76,,519.00M,0.375,,2017-09,AOR,Restated
2017-06,3.495B,3.495B,1.998B,1.497B,,,,60.00M,2.00M,-58.00M,796.00M,796.00M,701.00M,2.00M,60.00M,-58.00M,68.00M,-58.00M,711.00M,204.00M,507.00M,,,-6.00M,501.00M,116.00M,771.00M,,2017-06,0.98,0.9731,0.98,,2017-06,0.96,0.9531,0.96,,520.00M,0.375,,2017-06,AOR,Restated
2017-03,3.515B,3.503B,2.005B,1.498B,,,,58.00M,2.00M,-56.00M,749.00M,749.00M,749.00M,2.00M,58.00M,-56.00M,60.00M,-56.00M,753.00M,175.00M,578.00M,,,-9.00M,569.00M,120.00M,811.00M,,2017-03,1.10,1.10,1.10,,2017-03,1.09,1.09,1.09,,522.00M,0.34,,2017-03,AOR,Restated
2016-12,3.375B,3.364B,2.151B,1.213B,,,,48.00M,1.00M,-47.00M,813.00M,813.00M,400.00M,1.00M,48.00M,-47.00M,235.00M,-47.00M,588.00M,147.00M,441.00M,,,-5.00M,436.00M,108.00M,636.00M,,2016-12,0.85,0.85,0.85,,2016-12,0.84,0.84,0.84,,521.00M,0.34,,2016-12,AOR,Restated
2016-09,3.145B,3.135B,1.817B,1.318B,,,,47.00M,0.00,-47.00M,746.00M,746.00M,572.00M,0.00,47.00M,-47.00M,,-47.00M,525.00M,141.00M,384.00M,,,-5.00M,379.00M,109.00M,572.00M,,2016-09,0.73,0.73,0.73,,2016-09,0.73,0.73,0.73,,523.00M,0.34,,2016-09,AOR,Restated
2016-06,3.389B,3.376B,1.872B,1.504B,,,,48.00M,2.00M,-46.00M,778.00M,778.00M,726.00M,2.00M,48.00M,-46.00M,1.00M,-46.00M,681.00M,201.00M,480.00M,,,-8.00M,472.00M,110.00M,729.00M,,2016-06,0.91,0.9086,0.91,,2016-06,0.90,0.8987,0.90,,525.00M,0.34,,2016-06,AOR,Restated
2016-03,3.346B,3.336B,1.854B,1.482B,,,,46.00M,2.00M,-44.00M,749.00M,749.00M,733.00M,2.00M,46.00M,-44.00M,-3.00M,-44.00M,686.00M,196.00M,490.00M,,,-9.00M,481.00M,111.00M,732.00M,,2016-03,0.92,0.9241,0.92,,2016-03,0.91,0.9141,0.91,,526.00M,0.62,,2016-03,AOR,Restated
2015-12,3.348B,3.338B,1.90B,1.438B,,,,46.00M,4.00M,-42.00M,844.00M,844.00M,594.00M,4.00M,46.00M,-42.00M,-1.00M,-42.00M,551.00M,171.00M,380.00M,1.00M,,-6.00M,375.00M,111.00M,597.00M,,2015-12,0.72,0.7213,0.72,,2015-12,0.71,0.7113,0.71,,524.00M,0.31,,2015-12,AOR,Restated
2015-09,3.124B,3.115B,1.878B,1.237B,,,,41.00M,3.00M,-38.00M,776.00M,776.00M,461.00M,3.00M,41.00M,-38.00M,34.00M,-38.00M,457.00M,128.00M,329.00M,2.00M,,-8.00M,323.00M,108.00M,498.00M,,2015-09,0.61,0.5636,0.61,,2015-09,0.60,0.5540,0.61,,533.00M,0.31,,2015-09,AOR,Restated
2015-06,3.237B,3.225B,1.826B,1.399B,,,,40.00M,3.00M,-37.00M,770.00M,770.00M,629.00M,3.00M,40.00M,-37.00M,3.00M,-37.00M,595.00M,166.00M,429.00M,0.00,,-10.00M,419.00M,103.00M,635.00M,,2015-06,0.78,0.7760,0.78,,2015-06,0.77,0.7660,0.77,,541.00M,0.28,,2015-06,AOR,Restated
2015-03,3.224B,3.215B,1.73B,1.485B,,,,36.00M,3.00M,-33.00M,750.00M,750.00M,735.00M,3.00M,36.00M,-33.00M,2.00M,-33.00M,704.00M,206.00M,498.00M,-3.00M,,-13.00M,482.00M,101.00M,740.00M,,2015-03,0.90,0.8974,0.89,,2015-03,0.89,0.8874,0.88,,545.00M,0.28,,2015-03,AOR,Restated
2014-12,3.257B,3.246B,1.896B,1.35B,,,,36.00M,5.00M,-31.00M,814.00M,814.00M,536.00M,5.00M,36.00M,-31.00M,-137.00M,-31.00M,368.00M,99.00M,269.00M,30.00M,,-5.00M,294.00M,99.00M,404.00M,,2014-12,0.49,0.49,0.54,,2014-12,0.48,0.48,0.54,,550.00M,0.28,,2014-12,AOR,Restated
2014-09,3.151B,3.141B,1.904B,1.237B,,,,45.00M,6.00M,-39.00M,792.00M,792.00M,445.00M,6.00M,45.00M,-39.00M,26.00M,-39.00M,432.00M,127.00M,305.00M,-1.00M,,-7.00M,297.00M,98.00M,477.00M,,2014-09,0.55,0.5164,0.55,,2014-09,0.54,0.5068,0.54,,551.00M,0.28,,2014-09,AOR,Restated
2014-06,3.311B,3.30B,1.876B,1.424B,,,,42.00M,5.00M,-37.00M,777.00M,777.00M,647.00M,5.00M,42.00M,-37.00M,-2.00M,-37.00M,608.00M,168.00M,440.00M,-2.00M,,-7.00M,431.00M,94.00M,650.00M,,2014-06,0.79,0.7926,0.78,,2014-06,0.78,0.7826,0.77,,556.00M,0.25,,2014-06,AOR,Restated
2014-03,3.271B,3.264B,1.839B,1.425B,,,,42.00M,5.00M,-37.00M,752.00M,752.00M,673.00M,5.00M,42.00M,-37.00M,13.00M,-37.00M,649.00M,192.00M,457.00M,-1.00M,,-13.00M,443.00M,97.00M,691.00M,,2014-03,0.81,0.7933,0.81,,2014-03,0.80,0.7835,0.80,,556.00M,0.25,,2014-03,AOR,Restated
2013-12,3.125B,3.115B,1.833B,1.282B,,,,43.00M,5.00M,-38.00M,793.00M,793.00M,489.00M,5.00M,43.00M,-38.00M,-13.00M,-38.00M,438.00M,131.00M,307.00M,0.00,,-4.00M,303.00M,92.00M,481.00M,,2013-12,0.55,0.5360,0.55,,2013-12,0.54,0.5262,0.54,,558.00M,0.25,,2013-12,AOR,Restated
2013-09,2.941B,2.932B,1.824B,1.108B,,,,40.00M,5.00M,-35.00M,704.00M,704.00M,404.00M,5.00M,40.00M,-35.00M,14.00M,-35.00M,383.00M,123.00M,260.00M,-1.00M,,-6.00M,253.00M,89.00M,423.00M,,2013-09,0.46,0.4427,0.46,,2013-09,0.45,0.4330,0.45,,558.00M,0.25,,2013-09,AOR,Restated
2013-06,3.098B,3.088B,1.766B,1.322B,,,,40.00M,4.00M,-36.00M,745.00M,745.00M,577.00M,4.00M,40.00M,-36.00M,23.00M,-36.00M,564.00M,164.00M,400.00M,-5.00M,,-7.00M,388.00M,90.00M,604.00M,,2013-06,0.71,0.6803,0.71,,2013-06,0.70,0.6707,0.69,,559.00M,0.23,,2013-06,AOR,Restated
2013-03,3.133B,3.126B,1.803B,1.323B,,,,44.00M,4.00M,-40.00M,716.00M,716.00M,607.00M,4.00M,44.00M,-40.00M,21.00M,-40.00M,588.00M,176.00M,412.00M,12.00M,,-11.00M,413.00M,87.00M,632.00M,,2013-03,0.73,0.7031,0.75,,2013-03,0.72,0.6936,0.74,,557.00M,0.23,,2013-03,AOR,Restated
2012-12,3.008B,3.002B,1.802B,1.20B,,,,46.00M,6.00M,-40.00M,794.00M,794.00M,406.00M,6.00M,46.00M,-40.00M,4.00M,-40.00M,370.00M,105.00M,265.00M,-2.00M,,-4.00M,259.00M,95.00M,416.00M,,2012-12,0.48,0.4747,0.48,,2012-12,0.47,0.4648,0.47,,552.00M,0.23,,2012-12,AOR,Restated
2012-09,2.856B,2.845B,1.76B,1.085B,,,,44.00M,6.00M,-38.00M,707.00M,707.00M,378.00M,6.00M,44.00M,-38.00M,-4.00M,-38.00M,336.00M,90.00M,246.00M,1.00M,,-6.00M,241.00M,87.00M,380.00M,,2012-09,0.44,0.4454,0.44,,2012-09,0.43,0.4353,0.44,,552.00M,0.23,,2012-09,AOR,Restated
2012-06,3.026B,3.026B,1.776B,1.25B,,,,45.00M,6.00M,-39.00M,732.00M,732.00M,518.00M,6.00M,45.00M,-39.00M,4.00M,-39.00M,483.00M,144.00M,339.00M,-2.00M,,-8.00M,329.00M,84.00M,528.00M,,2012-06,0.61,0.6048,0.60,,2012-06,0.60,0.5949,0.59,,553.00M,0.22,,2012-06,AOR,Restated
2012-03,3.051B,3.051B,1.796B,1.255B,,,,46.00M,6.00M,-40.00M,728.00M,728.00M,527.00M,6.00M,46.00M,-40.00M,20.00M,-40.00M,507.00M,153.00M,354.00M,0.00,,-7.00M,347.00M,83.00M,553.00M,,2012-03,0.64,0.6142,0.64,,2012-03,0.63,0.6047,0.63,,551.00M,0.22,,2012-03,AOR,Restated
2011-12,2.948B,2.908B,6.969B,-4.061B,,,0.00,50.00M,7.00M,-43.00M,750.00M,-4.452B,391.00M,7.00M,50.00M,-43.00M,-4.00M,-43.00M,344.00M,100.00M,244.00M,16.00M,,-4.00M,256.00M,82.00M,394.00M,,2011-12,0.44,0.4453,0.47,,2011-12,0.43,0.4352,0.46,,548.00M,0.00,,2011-12,AOR,Restated
2011-09,2.806B,2.806B,,2.806B,1.753B,1.753B,-72.00M,49.00M,9.00M,-40.00M,743.00M,2.496B,310.00M,9.00M,49.00M,-40.00M,-72.00M,-40.00M,198.00M,65.00M,133.00M,2.00M,,-5.00M,130.00M,85.00M,247.00M,,2011-09,0.24,0.3296,0.24,,2011-09,0.23,0.3181,0.24,,549.00M,0.22,,2011-09,AOR,Restated
2011-06,2.928B,2.928B,,2.928B,1.728B,1.728B,,49.00M,5.00M,-44.00M,735.00M,2.463B,465.00M,5.00M,49.00M,-44.00M,-6.00M,-44.00M,415.00M,129.00M,286.00M,3.00M,,-7.00M,282.00M,82.00M,464.00M,,2011-06,0.51,0.5176,0.51,,2011-06,0.50,0.5074,0.50,,555.00M,0.22,,2011-06,AOR,Restated
2011-03,2.884B,2.884B,,2.884B,1.721B,1.721B,,51.00M,7.00M,-44.00M,691.00M,2.412B,472.00M,7.00M,51.00M,-44.00M,19.00M,-44.00M,447.00M,128.00M,319.00M,12.00M,,-6.00M,325.00M,83.00M,498.00M,,2011-03,0.57,0.5451,0.59,,2011-03,0.56,0.5354,0.58,,552.00M,0.21,,2011-03,AOR,Restated
2010-12,2.834B,2.785B,6.465B,-3.68B,,,0.00,53.00M,7.00M,-46.00M,770.00M,-4.005B,325.00M,7.00M,53.00M,-46.00M,19.00M,-46.00M,298.00M,106.00M,192.00M,14.00M,,-3.00M,203.00M,83.00M,351.00M,,2010-12,0.35,0.3275,0.37,,2010-12,0.35,0.3276,0.37,,547.00M,0.21,,2010-12,AOR,Restated
2010-09,2.524B,2.524B,,2.524B,1.586B,1.586B,0.00,60.00M,6.00M,-54.00M,699.00M,2.285B,239.00M,6.00M,60.00M,-54.00M,-2.00M,-54.00M,183.00M,55.00M,128.00M,43.00M,,-3.00M,168.00M,84.00M,243.00M,,2010-09,0.23,0.2326,0.30,,2010-09,0.22,0.2226,0.30,,548.00M,0.21,,2010-09,AOR,
2010-06,2.606B,2.606B,,2.606B,1.614B,1.614B,,60.00M,3.00M,-57.00M,1.042B,2.656B,-50.00M,3.00M,60.00M,-57.00M,18.00M,-57.00M,-89.00M,-60.00M,-29.00M,271.00M,,-6.00M,236.00M,93.00M,-29.00M,,2010-06,0.43,0.4084,0.43,,2010-06,0.43,0.4085,0.43,,545.00M,0.20,,2010-06,AOR,Restated
2010-03,2.635B,2.635B,,2.635B,1.575B,1.575B,,60.00M,4.00M,-56.00M,635.00M,2.21B,425.00M,4.00M,60.00M,-56.00M,8.00M,-56.00M,377.00M,103.00M,274.00M,-22.00M,,-4.00M,248.00M,97.00M,437.00M,,2010-03,0.50,0.4891,0.46,,2010-03,0.45,0.4392,0.45,,536.00M,0.40,,2010-03,AOR,Restated
2009-12,2.564B,2.564B,,2.564B,1.629B,1.629B,,61.00M,4.00M,-57.00M,963.00M,2.592B,-28.00M,4.00M,61.00M,-57.00M,23.00M,-57.00M,-62.00M,-57.00M,-5.00M,30.00M,,-2.00M,23.00M,88.00M,-1.00M,,2009-12,-0.01,-0.01,0.05,,2009-12,-0.02,-0.02,0.04,,530.00M,0.20,,2009-12,AOR,Restated
2009-09,2.354B,2.354B,,2.354B,1.533B,1.533B,22.00M,59.00M,3.00M,-56.00M,626.00M,2.159B,195.00M,3.00M,59.00M,-56.00M,22.00M,-56.00M,161.00M,-46.00M,207.00M,18.00M,,-4.00M,221.00M,94.00M,220.00M,,2009-09,0.38,0.3527,0.41,,2009-09,0.38,0.3528,0.41,,526.00M,0.20,,2009-09,AOR,Restated
2009-06,2.47B,2.47B,,2.47B,1.528B,1.528B,-32.00M,65.00M,4.00M,-61.00M,648.00M,2.176B,294.00M,4.00M,65.00M,-61.00M,-32.00M,-61.00M,201.00M,44.00M,157.00M,-347.00M,,-3.00M,-193.00M,93.00M,266.00M,,2009-06,0.28,0.3279,-0.36,,2009-06,0.28,0.3278,-0.37,,523.00M,0.20,,2009-06,AOR,Restated
2009-03,2.609B,2.609B,,2.609B,1.571B,1.571B,-15.00M,56.00M,6.00M,-50.00M,714.00M,2.285B,324.00M,6.00M,56.00M,-50.00M,-15.00M,-50.00M,259.00M,80.00M,179.00M,1.00M,,-4.00M,176.00M,90.00M,315.00M,,2009-03,0.33,0.3501,0.33,,2009-03,0.33,0.3501,0.33,,515.00M,0.20,,2009-03,AOR,Restated
2008-12,1.805B,1.805B,,,,-1.391B,,,,,2.681B,1.29B,515.00M,,,,559.00M,,486.00M,-29.00M,523.00M,-432.00M,,-3.00M,80.00M,102.00M,550.00M,,2008-12,0.98,0.98,0.17,,2008-12,0.98,0.98,0.16,,518.00M,0.20,,2008-12,,Restated
2008-09,2.838B,2.838B,,,,2.768B,-23.00M,,,,,2.768B,70.00M,,,,-23.00M,,3.00M,-18.00M,18.00M,-26.00M,,-3.00M,-8.00M,98.00M,70.00M,,2008-09,0.04,0.0691,-0.02,,2008-09,0.03,0.0586,-0.02,,523.00M,0.00,,2008-09,,
2008-06,3.033B,3.033B,,3.033B,1.879B,1.879B,-131.00M,55.00M,12.00M,-43.00M,859.00M,2.738B,295.00M,12.00M,55.00M,-43.00M,-131.00M,-43.00M,121.00M,66.00M,55.00M,12.00M,,-2.00M,65.00M,103.00M,176.00M,,2008-06,0.10,0.2663,0.12,,2008-06,0.10,0.2663,0.12,,512.00M,0.20,,2008-06,,Restated
2008-03,3.039B,3.039B,,3.039B,1.828B,1.828B,-417.00M,56.00M,18.00M,-38.00M,874.00M,2.702B,337.00M,18.00M,56.00M,-38.00M,-417.00M,-38.00M,-118.00M,94.00M,-212.00M,5.00M,,-3.00M,-210.00M,101.00M,-62.00M,,2008-03,-0.40,0.1223,-0.39,,2008-03,-0.41,0.1123,-0.40,,519.00M,0.40,,2008-03,,Restated
2007-12,2.915B,2.915B,,,,2.76B,10.00M,,,,,2.76B,155.00M,,,,10.00M,,140.00M,44.00M,90.00M,-5.00M,,-6.00M,85.00M,104.00M,155.00M,,2007-12,0.18,0.1668,0.21,,2007-12,0.18,0.1669,0.21,,525.00M,0.19,,2007-12,,
2007-09,2.716B,2.716B,,,,2.60B,78.00M,,,,-78.00M,2.522B,194.00M,,,,78.00M,,159.00M,75.00M,80.00M,1.865B,,-4.00M,1.945B,102.00M,194.00M,,2007-09,0.15,0.0551,3.64,,2007-09,0.15,0.0561,3.60,,540.00M,0.00,,2007-09,,
2007-06,2.819B,2.819B,,,,2.546B,,,,,,2.546B,273.00M,,,,,,213.00M,70.00M,140.00M,37.00M,,-3.00M,177.00M,116.00M,273.00M,,2007-06,0.26,0.26,0.32,,2007-06,0.25,0.25,0.31,,558.00M,0.19,,2007-06,,
2007-03,2.812B,2.812B,,,,2.425B,,,,,,2.425B,387.00M,,,,,,335.00M,106.00M,228.00M,40.00M,,-1.00M,268.00M,120.00M,387.00M,,2007-03,0.41,0.41,0.49,,2007-03,0.41,0.41,0.47,,562.00M,0.38,,2007-03,,
2006-12,2.50B,2.50B,,,,2.396B,,,,,,2.396B,104.00M,,,,,,257.00M,87.00M,168.00M,58.00M,,-2.00M,226.00M,145.00M,104.00M,,2006-12,0.30,0.30,0.41,,2006-12,0.30,0.30,0.40,,563.00M,0.17,,2006-12,,
2006-09,2.532B,2.532B,,,,2.288B,,,,,,2.288B,244.00M,,,,,,184.00M,48.00M,133.00M,43.00M,,-3.00M,176.00M,111.00M,244.00M,,2006-09,0.24,0.24,0.32,,2006-09,0.24,0.24,0.31,,554.00M,0.00,,2006-09,,
2006-06,2.98B,2.98B,1.802B,1.178B,,841.00M,,,,,,841.00M,337.00M,,,,,,272.00M,96.00M,173.00M,-1.00M,,-3.00M,172.00M,111.00M,337.00M,,2006-06,0.32,0.32,0.31,,2006-06,0.31,0.31,0.31,,555.00M,0.17,,2006-06,,
2006-03,2.674B,2.674B,,,,2.337B,,,,,,2.337B,337.00M,,,,,,274.00M,73.00M,200.00M,216.00M,,-1.00M,416.00M,121.00M,337.00M,,2006-03,0.37,0.37,0.76,,2006-03,0.36,0.36,0.75,,555.00M,0.17,,2006-03,,
2005-12,1.412B,2.066B,,,,6.755B,,,,,,7.565B,-151.00M,,,,,,-219.00M,-68.00M,-151.00M,186.00M,,0.00,35.00M,110.00M,-151.00M,,2005-12,0.02,0.02,0.06,,2005-12,0.02,0.02,0.06,,555.00M,0.17,,2005-12,,
2005-09,2.731B,2.779B,1.731B,1.048B,,861.00M,48.00M,,,,,861.00M,187.00M,,,,48.00M,,89.00M,24.00M,63.00M,6.00M,,-2.00M,69.00M,119.00M,187.00M,,2005-09,0.12,0.0550,0.13,,2005-09,0.11,0.0456,0.12,,544.00M,0.17,,2005-09,,
2005-06,2.977B,2.977B,1.76B,1.217B,,924.00M,,,,,,924.00M,293.00M,,,,,,231.00M,69.00M,160.00M,6.00M,,-3.00M,166.00M,130.00M,293.00M,,2005-06,0.30,0.30,0.31,,2005-06,0.30,0.30,0.31,,538.00M,0.17,,2005-06,,
2005-03,3.07B,3.07B,,,,2.809B,,,,,,2.809B,261.00M,,,,,,201.00M,70.00M,129.00M,5.00M,,-2.00M,134.00M,131.00M,261.00M,,2005-03,0.24,0.24,0.25,,2005-03,0.24,0.24,0.25,,536.00M,0.34,,2005-03,,
2004-12,2.73B,2.587B,1.059B,1.528B,,1.759B,-645.00M,,,,702.00M,2.461B,-933.00M,,,,-645.00M,,-993.00M,-287.00M,-502.00M,,,4.00M,-480.00M,122.00M,-933.00M,,2004-12,-1.35,-0.4976,-1.31,,2004-12,-1.35,-0.4976,-1.31,,538.00M,0.34,,2004-12,,
2004-09,2.912B,2.95B,834.00M,2.116B,,1.716B,-234.00M,,,,272.00M,1.988B,128.00M,,,,-228.00M,,79.00M,52.00M,21.00M,,,-6.00M,21.00M,123.00M,128.00M,,2004-09,0.04,0.3095,0.04,,2004-09,0.04,0.3034,0.04,,533.00M,0.00,,2004-09,,
2004-06,3.028B,3.028B,2.396B,632.00M,,,,,,,,,632.00M,,,,,,588.00M,194.00M,389.00M,,,-5.00M,389.00M,103.00M,632.00M,,2004-06,0.75,0.75,0.75,,2004-06,0.73,0.73,0.73,,534.00M,0.34,,2004-06,,
2004-03,3.196B,3.196B,2.423B,773.00M,,,,,,,,,773.00M,,,,,,728.00M,281.00M,446.00M,,,-1.00M,446.00M,108.00M,773.00M,,2004-03,0.85,0.85,0.85,,2004-03,0.83,0.83,0.83,,540.00M,0.31,,2004-03,,
2003-12,2.99B,2.99B,,,,,,,,,,,587.00M,,,,,,561.00M,161.00M,375.00M,,,-8.00M,375.00M,99.00M,587.00M,,2003-12,0.09,0.09,0.71,,2003-12,0.09,0.09,0.69,,542.00M,0.31,,2003-12,,
2003-09,2.837B,2.837B,2.244B,593.00M,,,,,,,,,593.00M,,,,,,545.00M,188.00M,357.00M,,,-6.00M,357.00M,98.00M,593.00M,,2003-09,0.67,0.67,0.67,,2003-09,0.65,0.65,0.65,,550.00M,0.31,,2003-09,,
2003-06,2.865B,2.865B,2.266B,599.00M,,,,,,,,,599.00M,,,,,,560.00M,189.00M,365.00M,,,-6.00M,365.00M,99.00M,599.00M,,2003-06,0.68,0.68,0.68,,2003-06,0.66,0.66,0.66,,552.00M,0.31,,2003-06,,
2003-03,2.852B,2.852B,2.135B,717.00M,,,,,,,,,717.00M,,,,,,680.00M,232.00M,443.00M,,,-5.00M,443.00M,95.00M,717.00M,,2003-03,0.83,0.83,0.83,,2003-03,0.81,0.81,0.81,,547.00M,0.28,,2003-03,,
2002-12,2.588B,2.588B,,,,,,,,,,,510.00M,,,,,,491.00M,158.00M,312.00M,,,-3.00M,312.00M,94.00M,510.00M,,2002-12,0.55,0.55,0.58,,2002-12,0.54,0.54,0.57,,551.00M,0.28,,2002-12,,
2002-09,2.553B,2.553B,2.041B,512.00M,,,,,,,,,512.00M,,,,,,467.00M,168.00M,299.00M,,,-7.00M,299.00M,90.00M,512.00M,,2002-09,0.56,0.56,0.56,,2002-09,0.55,0.55,0.55,,548.00M,0.28,,2002-09,,
2002-06,2.612B,2.612B,2.047B,565.00M,,,,,,,,,565.00M,,,,,,531.00M,189.00M,336.00M,,,-6.00M,336.00M,89.00M,565.00M,,2002-06,0.62,0.62,0.62,,2002-06,0.60,0.60,0.60,,562.00M,0.28,,2002-06,,
2002-03,2.635B,2.635B,1.948B,687.00M,,,,,,,,,687.00M,,,,,,650.00M,232.00M,418.00M,,,-5.00M,418.00M,86.00M,687.00M,,2002-03,0.765,0.765,0.765,,2002-03,0.735,0.735,0.735,,568.00M,0.265,,2002-03,,
2001-12,2.29B,2.29B,1.836B,454.00M,,,,,,,,,280.00M,,,,,,243.00M,96.00M,144.00M,,,-3.00M,144.00M,127.00M,280.00M,,2001-12,0.24,0.24,0.26,,2001-12,0.235,0.235,0.26,,575.76M,0.265,,2001-12,,
2001-09,2.407B,2.407B,2.095B,312.00M,,,,,,,,,312.00M,,,,,,272.00M,100.00M,168.00M,,,-4.00M,168.00M,128.00M,312.00M,,2001-09,0.31,0.31,0.31,,2001-09,0.29,0.29,0.29,,569.00M,0.265,,2001-09,,
2001-06,2.541B,2.541B,2.015B,526.00M,,,,,,,,,526.00M,,,,,,472.00M,179.00M,293.00M,,,-5.00M,293.00M,134.00M,526.00M,,2001-06,0.535,0.535,0.535,,2001-06,0.51,0.51,0.51,,574.00M,0.265,,2001-06,,
2001-03,2.594B,2.594B,1.949B,645.00M,,,,,,,,,645.00M,,,,,,593.00M,224.00M,369.00M,,,-5.00M,369.00M,131.00M,645.00M,,2001-03,0.665,0.665,0.665,,2001-03,0.635,0.635,0.635,,576.00M,0.25,,2001-03,,
2000-12,2.627B,2.627B,2.387B,240.00M,,,,,,,,-305.00M,545.00M,,,,,,494.00M,187.00M,286.00M,,,,286.00M,185.00M,545.00M,,2000-12,0.515,0.515,0.515,,2000-12,0.49,0.49,0.49,,574.00M,0.25,,2000-12,,
2000-09,2.535B,2.535B,1.916B,619.00M,,,,,,,,103.00M,516.00M,,,,,,460.00M,178.00M,282.00M,,,,282.00M,103.00M,516.00M,,2000-09,0.52,0.52,0.52,,2000-09,0.485,0.485,0.485,,572.00M,0.25,,2000-09,,
2000-06,2.481B,2.481B,1.875B,606.00M,,,,,,,,100.00M,506.00M,,,,,,444.00M,168.00M,276.00M,,,,276.00M,100.00M,506.00M,,2000-06,0.51,0.51,0.51,,2000-06,0.48,0.48,0.48,,566.00M,0.25,,2000-06,,
2000-03,2.665B,2.665B,1.953B,712.00M,,,,,,,,100.00M,612.00M,,,,,,557.00M,220.00M,337.00M,,,,337.00M,100.00M,612.00M,,2000-03,0.63,0.63,0.63,,2000-03,0.595,0.595,0.595,,560.00M,0.225,,2000-03,,
1999-12,2.334B,2.334B,2.004B,330.00M,,,,,,,,154.00M,176.00M,,,,,,116.00M,69.00M,47.00M,,,,47.00M,154.00M,176.00M,,1999-12,0.08,0.08,0.08,,1999-12,0.075,0.075,0.075,,537.08M,0.225,,1999-12,,
1999-09,2.227B,2.227B,1.703B,524.00M,,,,,,,,99.00M,425.00M,,,,,,372.00M,149.00M,223.00M,,,,223.00M,99.00M,425.00M,,1999-09,0.42,0.42,0.42,,1999-09,0.405,0.405,0.405,,540.00M,0.45,,1999-09,,
1999-06,2.245B,2.245B,1.81B,435.00M,,,4.00M,,,,,88.00M,347.00M,,,,4.00M,,296.00M,119.00M,177.00M,,,,177.00M,88.00M,347.00M,,1999-06,0.34,0.3354,0.34,,1999-06,0.315,0.3105,0.315,,538.00M,0.20,,1999-06,,
1999-03,2.351B,2.351B,1.742B,609.00M,,,7.00M,,,,,90.00M,519.00M,,,,7.00M,,466.00M,187.00M,279.00M,,,,279.00M,90.00M,519.00M,,1999-03,0.54,0.5319,0.54,,1999-03,0.515,0.5072,0.515,,541.75M,0.00,,1999-03,,
1998-12,1.945B,1.945B,1.519B,426.00M,,,,,,,,91.00M,335.00M,,,,,,297.00M,111.00M,186.00M,,,,186.00M,91.00M,335.00M,,1998-12,0.365,0.365,0.365,,1998-12,0.35,0.35,0.35,,510.18M,0.20,,1998-12,,
1998-09,1.719B,1.719B,1.324B,395.00M,,,5.00M,,,,,60.00M,335.00M,,,,5.00M,,307.00M,121.00M,186.00M,,,,186.00M,60.00M,335.00M,,1998-09,0.365,0.3591,0.365,,1998-09,0.345,0.3394,0.345,,539.13M,0.20,,1998-09,,
1998-06,1.75B,1.75B,1.339B,411.00M,,,7.00M,,,,,65.00M,346.00M,,,,7.00M,,320.00M,127.00M,193.00M,,,,193.00M,65.00M,346.00M,,1998-06,0.375,0.3668,0.375,,1998-06,0.36,0.3521,0.36,,536.11M,0.20,,1998-06,,
