,OperatingRevenue,Revenue,CostofGoodsSold,GrossProfit,SG&AExpense,SpecialIncomeandCharges,OperatingInterestExpense,NetOperatingInterestIncome,OtherOperatingExpenses,TotalOperatingExpenses,OperatingIncome,Non-OperatingInterestExpense,NetNon-OperatingInterestIncomeExpense,OtherIncomeandExpenses,NetInterestIncome,Pre-TaxIncome,ProvisionforIncomeTaxes,IncomefromContinuingOperations,IncomefromDiscontinuedOperations,"ExtraordinaryItems,IncomeStatement",IncomeAttributabletoMinorityInterest,PreferredStockDividend,NetIncome,NormalizedIncome,EBITDA,,BasicEPS(Quarterly),EPSBasicfromContinuingOperations,EPSBasicfromDiscontinuedOperations,EPSBasicfromExtraordinaries,EPSBasic,,DilutedEPS(Quarterly),EPSDilutedfromContinuingOperations,EPSDilutedfromDiscontinuedOperations,NormalizedDilutedEPS,EPSDiluted,,AverageDilutedSharesOutstanding,,SECFilingLinks,AsOriginallyReported,Restated
2020-09,2.187B,2.187B,1.301B,886.00M,232.00M,-6.00M,278.00M,-278.00M,,329.00M,557.00M,278.00M,-278.00M,-4.00M,-278.00M,275.00M,67.00M,208.00M,,,,,208.00M,212.54M,1.045B,,2020-09,2.88,,,2.88,,2020-09,2.87,,2.933,2.87,,72.44M,,2020-09,AOR,
2020-06,1.939B,1.939B,1.238B,701.00M,222.00M,-3.00M,130.00M,-130.00M,,317.00M,384.00M,130.00M,-130.00M,-3.00M,-130.00M,251.00M,39.00M,212.00M,,,,,212.00M,214.54M,871.00M,,2020-06,2.94,,,2.94,,2020-06,2.93,,2.965,2.93,,72.28M,,2020-06,AOR,
2020-03,2.125B,2.125B,1.398B,727.00M,267.00M,-2.00M,136.00M,-136.00M,,367.00M,360.00M,136.00M,-136.00M,2.00M,-136.00M,226.00M,53.00M,173.00M,,,,,173.00M,174.53M,888.00M,,2020-03,2.33,,,2.33,,2020-03,2.33,,2.351,2.33,,74.27M,,2020-03,AOR,
2019-12,2.456B,2.456B,1.491B,965.00M,268.00M,-2.00M,170.00M,-170.00M,,364.00M,601.00M,170.00M,-170.00M,2.00M,-170.00M,433.00M,95.00M,338.00M,,,,,338.00M,339.56M,1.119B,,2019-12,4.501,,,4.501,,2019-12,4.49,,4.511,4.49,,75.52M,,2019-12,AOR,
2019-09,2.488B,2.488B,1.455B,1.033B,273.00M,-2.00M,147.00M,-147.00M,,375.00M,658.00M,147.00M,-147.00M,-1.00M,-147.00M,510.00M,119.00M,391.00M,,,,,391.00M,392.53M,1.176B,,2019-09,5.10,,,5.10,,2019-09,5.08,,5.100,5.08,,76.86M,,2019-09,AOR,Restated
2019-06,2.29B,2.29B,1.379B,911.00M,271.00M,-6.00M,180.00M,-180.00M,,376.00M,535.00M,180.00M,-180.00M,-4.00M,-180.00M,351.00M,81.00M,270.00M,,,,,270.00M,274.61M,1.035B,,2019-06,3.45,,,3.45,,2019-06,3.444,,3.503,3.444,,78.47M,,2019-06,AOR,Restated
2019-03,2.117B,2.117B,1.356B,761.00M,280.00M,-9.00M,151.00M,-151.00M,,384.00M,377.00M,151.00M,-151.00M,-6.00M,-151.00M,220.00M,45.00M,175.00M,,,,,175.00M,182.16M,870.00M,,2019-03,2.21,,,2.21,,2019-03,2.19,,2.279,2.19,,80.05M,,2019-03,AOR,Restated
2018-12,2.306B,2.306B,1.308B,998.00M,302.00M,-38.00M,142.00M,-142.00M,,397.00M,601.00M,142.00M,-142.00M,-34.00M,-142.00M,425.00M,115.00M,310.00M,,,,,310.00M,337.72M,1.037B,,2018-12,3.846,,,3.846,,2018-12,3.80,,4.140,3.80,,81.49M,,2018-12,AOR,Restated
2018-09,2.116B,2.116B,1.178B,938.00M,265.00M,-20.00M,118.00M,-118.00M,,340.00M,598.00M,118.00M,-118.00M,-20.00M,-118.00M,460.00M,127.00M,333.00M,,,,,333.00M,347.48M,996.00M,,2018-09,4.05,,,4.05,,2018-09,4.01,,4.184,4.01,,83.17M,,2018-09,AOR,Restated
2018-06,1.891B,1.891B,1.109B,782.00M,239.00M,-6.00M,112.00M,-112.00M,,306.00M,476.00M,112.00M,-112.00M,-5.00M,-112.00M,359.00M,89.00M,270.00M,,,,,270.00M,274.51M,861.00M,,2018-06,3.22,,,3.22,,2018-06,3.20,,3.254,3.20,,84.20M,,2018-06,AOR,Restated
2018-03,1.734B,1.734B,1.088B,646.00M,232.00M,-3.00M,109.00M,-109.00M,,303.00M,343.00M,109.00M,-109.00M,-2.00M,-109.00M,232.00M,49.00M,183.00M,,,,,183.00M,185.37M,734.00M,,2018-03,2.18,,,2.18,,2018-03,2.15,,2.178,2.15,,85.24M,,2018-03,AOR,Restated
2017-12,1.922B,1.922B,1.095B,827.00M,255.00M,-40.00M,126.00M,-126.00M,,325.00M,502.00M,126.00M,-126.00M,-40.00M,-126.00M,336.00M,-561.00M,897.00M,,,,,897.00M,921.00M,852.00M,,2017-12,10.60,,,10.60,,2017-12,10.45,,10.73,10.45,,85.83M,,2017-12,AOR,Restated
2017-09,1.766B,1.766B,993.00M,773.00M,237.00M,-25.00M,131.00M,-131.00M,,300.00M,473.00M,131.00M,-131.00M,-20.00M,-131.00M,322.00M,123.00M,199.00M,,,,,199.00M,214.45M,806.00M,,2017-09,2.36,,,2.36,,2017-09,2.33,,2.511,2.33,,85.59M,,2017-09,AOR,Restated
2017-06,1.597B,1.597B,942.00M,655.00M,218.00M,-33.00M,113.00M,-113.00M,,282.00M,373.00M,113.00M,-113.00M,-31.00M,-113.00M,229.00M,88.00M,141.00M,,,,,141.00M,161.33M,672.00M,,2017-06,1.67,,,1.67,,2017-06,1.65,,1.888,1.65,,85.41M,,2017-06,AOR,Restated
2017-03,1.356B,1.356B,842.00M,514.00M,193.00M,-2.00M,94.00M,-94.00M,,255.00M,259.00M,94.00M,-94.00M,-4.00M,-94.00M,161.00M,52.00M,109.00M,,,,,109.00M,110.35M,565.00M,,2017-03,1.29,,,1.29,,2017-03,1.27,,1.286,1.27,,85.38M,,2017-03,AOR,Restated
2016-12,1.523B,1.523B,866.00M,657.00M,186.00M,-6.00M,162.00M,-162.00M,,249.00M,408.00M,162.00M,-162.00M,-4.00M,-162.00M,242.00M,89.00M,153.00M,,,,,153.00M,156.79M,722.00M,,2016-12,1.813,,,1.813,,2016-12,1.80,,1.845,1.80,,85.23M,,2016-12,AOR,Restated
2016-09,1.508B,1.508B,852.00M,656.00M,179.00M,-4.00M,110.00M,-110.00M,,240.00M,416.00M,110.00M,-110.00M,-3.00M,-110.00M,303.00M,116.00M,187.00M,,,,,187.00M,189.47M,724.00M,,2016-09,2.18,,,2.18,,2016-09,2.16,,2.189,2.16,,86.44M,,2016-09,AOR,Restated
2016-06,1.421B,1.421B,831.00M,590.00M,177.00M,-2.00M,132.00M,-132.00M,,241.00M,349.00M,132.00M,-132.00M,,-132.00M,217.00M,83.00M,134.00M,,,,,134.00M,135.24M,655.00M,,2016-06,1.52,,,1.52,,2016-06,1.52,,1.534,1.52,,88.47M,,2016-06,AOR,Restated
2016-03,1.31B,1.31B,810.00M,500.00M,177.00M,-2.00M,107.00M,-107.00M,,244.00M,256.00M,107.00M,-107.00M,-2.00M,-107.00M,147.00M,55.00M,92.00M,,,,,92.00M,93.25M,564.00M,,2016-03,1.01,,,1.01,,2016-03,1.01,,1.024,1.01,,90.94M,,2016-03,AOR,Restated
2015-12,1.523B,1.523B,875.00M,648.00M,180.00M,-5.00M,107.00M,-107.00M,,246.00M,402.00M,107.00M,-107.00M,-3.00M,-107.00M,292.00M,123.00M,169.00M,,,,,169.00M,172.00M,717.00M,,2015-12,1.823,,,1.823,,2015-12,1.81,,1.842,1.81,,93.66M,,2015-12,AOR,Restated
2015-09,1.55B,1.55B,860.00M,690.00M,178.00M,,107.00M,-107.00M,,244.00M,446.00M,107.00M,-107.00M,1.00M,-107.00M,340.00M,125.00M,215.00M,,,,,215.00M,215.00M,762.00M,,2015-09,2.28,,,2.28,,2015-09,2.25,,2.25,2.25,,95.19M,,2015-09,AOR,Restated
2015-06,1.429B,1.429B,811.00M,618.00M,175.00M,-1.00M,232.00M,-232.00M,,242.00M,376.00M,232.00M,-232.00M,5.00M,-232.00M,149.00M,63.00M,86.00M,,,,,86.00M,86.60M,688.00M,,2015-06,0.89,,,0.89,,2015-06,0.88,,0.8861,0.88,,97.75M,,2015-06,AOR,Restated
2015-03,1.315B,1.315B,791.00M,524.00M,181.00M,26.00M,121.00M,-121.00M,,250.00M,274.00M,121.00M,-121.00M,29.00M,-121.00M,182.00M,67.00M,115.00M,,,,,115.00M,98.57M,607.00M,,2015-03,1.19,,,1.19,,2015-03,1.16,,0.9941,1.16,,99.06M,,2015-03,AOR,Restated
2014-12,1.564B,1.564B,857.00M,707.00M,209.00M,1.00M,119.00M,-119.00M,,282.00M,425.00M,119.00M,-119.00M,5.00M,-119.00M,311.00M,117.00M,194.00M,,,,,194.00M,193.38M,742.00M,,2014-12,1.97,,,1.97,,2014-12,1.86,,1.854,1.86,,103.64M,,2014-12,AOR,Restated
2014-09,1.544B,1.544B,856.00M,688.00M,194.00M,-2.00M,124.00M,-124.00M,,264.00M,424.00M,124.00M,-124.00M,3.00M,-124.00M,303.00M,111.00M,192.00M,,,,,192.00M,193.27M,733.00M,,2014-09,1.95,,,1.95,,2014-09,1.84,,1.852,1.84,,104.08M,,2014-09,AOR,Restated
2014-06,1.399B,1.399B,810.00M,589.00M,187.00M,-7.00M,187.00M,-187.00M,,257.00M,332.00M,187.00M,-187.00M,-3.00M,-187.00M,142.00M,48.00M,94.00M,,,,,94.00M,98.63M,628.00M,,2014-06,0.98,,,0.98,,2014-06,0.90,,0.9439,0.90,,105.59M,,2014-06,AOR,Restated
2014-03,1.178B,1.178B,730.00M,448.00M,168.00M,-2.00M,125.00M,-125.00M,,228.00M,220.00M,125.00M,-125.00M,-1.00M,-125.00M,94.00M,34.00M,60.00M,,,,,60.00M,61.28M,496.00M,,2014-03,0.63,,,0.63,,2014-03,0.56,,0.5720,0.56,,106.42M,,2014-03,AOR,Restated
2013-12,1.338B,1.338B,771.00M,567.00M,163.00M,-1.00M,118.00M,-118.00M,,224.00M,343.00M,118.00M,-118.00M,1.00M,-118.00M,226.00M,86.00M,140.00M,,,,,140.00M,140.62M,628.00M,,2013-12,1.49,,,1.49,,2013-12,1.31,,1.316,1.31,,106.35M,,2013-12,AOR,Restated
2013-09,1.311B,1.311B,747.00M,564.00M,167.00M,-1.00M,121.00M,-121.00M,,226.00M,338.00M,121.00M,-121.00M,1.00M,-121.00M,218.00M,75.00M,143.00M,,,,,143.00M,143.66M,617.00M,,2013-09,1.53,,,1.53,,2013-09,1.35,,1.356,1.35,,105.55M,,2013-09,AOR,Restated
2013-06,1.206B,1.206B,735.00M,471.00M,152.00M,-7.00M,119.00M,-119.00M,,214.00M,257.00M,119.00M,-119.00M,-7.00M,-119.00M,131.00M,48.00M,83.00M,,,,,83.00M,87.44M,520.00M,,2013-06,0.89,,,0.89,,2013-06,0.78,,0.8216,0.78,,106.72M,,2013-06,AOR,Restated
2013-03,1.10B,1.10B,715.00M,385.00M,160.00M,-12.00M,120.00M,-120.00M,,224.00M,161.00M,120.00M,-120.00M,-11.00M,-120.00M,30.00M,9.00M,21.00M,,,,,21.00M,29.40M,416.00M,,2013-03,0.22,,,0.22,,2013-03,0.19,,0.2690,0.19,,106.38M,,2013-03,AOR,Restated
2012-12,1.249B,1.249B,754.00M,495.00M,176.00M,-19.00M,197.00M,-197.00M,,240.00M,255.00M,197.00M,-197.00M,-19.00M,-197.00M,39.00M,-2.00M,41.00M,,,,,41.00M,53.35M,508.00M,,2012-12,0.4423,0.00,,0.4423,,2012-12,0.40,0.00,0.5177,0.40,,104.89M,,2012-12,AOR,Restated
2012-09,1.219B,1.219B,714.00M,505.00M,164.00M,-48.00M,128.00M,-128.00M,,235.00M,270.00M,128.00M,-128.00M,-48.00M,-128.00M,94.00M,21.00M,73.00M,,,,,73.00M,110.30M,497.00M,,2012-09,0.78,,,0.78,,2012-09,0.70,,1.054,0.70,,105.27M,,2012-09,AOR,Restated
2012-06,993.00M,993.00M,619.00M,374.00M,146.00M,-133.00M,122.00M,-122.00M,,195.00M,179.00M,122.00M,-122.00M,-121.00M,-122.00M,-64.00M,-12.00M,-52.00M,,,,,-52.00M,56.00M,279.00M,,2012-06,-0.63,,,-0.63,,2012-06,-0.63,,0.6675,-0.63,,83.23M,,2012-06,AOR,Restated
2012-03,656.00M,656.00M,443.00M,213.00M,102.00M,-10.00M,69.00M,-69.00M,,116.00M,97.00M,69.00M,-69.00M,-9.00M,-69.00M,19.00M,6.00M,13.00M,,,,,13.00M,19.84M,217.00M,,2012-03,0.21,,,0.21,,2012-03,0.17,,0.2597,0.17,,76.27M,,2012-03,AOR,Restated
2011-12,746.00M,746.00M,471.00M,275.00M,109.00M,-35.00M,60.00M,-60.00M,,127.00M,148.00M,60.00M,-60.00M,-32.00M,-60.00M,56.00M,28.00M,28.00M,,,,,29.00M,50.75M,245.00M,,2011-12,0.44,,,0.45,,2011-12,0.38,,0.6912,0.39,,73.09M,,2011-12,AOR,Restated
2011-09,713.00M,713.00M,439.00M,274.00M,103.00M,-4.00M,58.00M,-58.00M,,116.00M,158.00M,58.00M,-58.00M,-4.00M,-58.00M,96.00M,31.00M,65.00M,0.00,,,,65.00M,67.71M,277.00M,,2011-09,1.04,0.00,,1.04,,2011-09,0.91,0.00,0.9469,0.91,,73.33M,,2011-09,AOR,Restated
2011-06,629.00M,629.00M,418.00M,211.00M,100.00M,1.00M,59.00M,-59.00M,,114.00M,97.00M,59.00M,-59.00M,1.00M,-59.00M,39.00M,11.00M,28.00M,-1.00M,,,,27.00M,27.28M,215.00M,,2011-06,0.45,-0.01,,0.44,,2011-06,0.38,-0.01,0.3703,0.37,,74.05M,,2011-06,AOR,Restated
2011-03,523.00M,523.00M,385.00M,138.00M,95.00M,0.00,,-58.00M,,107.00M,31.00M,,-58.00M,,-58.00M,-27.00M,-7.00M,-20.00M,,,,,-20.00M,-20.00M,142.00M,,2011-03,-0.34,0.00,,-0.34,,2011-03,-0.34,0.00,-0.34,-0.34,,60.85M,,2011-03,AOR,Restated
2010-12,597.00M,597.00M,422.00M,175.00M,96.00M,-18.00M,,-87.00M,,113.00M,62.00M,,-87.00M,-15.00M,-87.00M,-40.00M,-23.00M,-17.00M,-4.00M,,,,-21.00M,-5.30M,148.00M,,2010-12,-0.29,-0.06,,-0.35,,2010-12,-0.29,-0.06,-0.0968,-0.35,,60.57M,,2010-12,AOR,Restated
2010-09,605.00M,605.00M,396.00M,209.00M,95.00M,-5.00M,,-57.00M,,109.00M,100.00M,,-57.00M,-5.00M,-57.00M,38.00M,15.00M,23.00M,0.00,,,,23.00M,26.03M,212.00M,,2010-09,0.37,0.00,,0.37,,2010-09,0.33,0.00,0.3742,0.33,,68.53M,,2010-09,AOR,Restated
2010-06,557.00M,557.00M,386.00M,171.00M,90.00M,-6.00M,,-56.00M,,106.00M,65.00M,,-56.00M,-6.00M,-56.00M,3.00M,-9.00M,12.00M,0.00,,,,12.00M,15.90M,176.00M,,2010-06,0.20,0.00,,0.20,,2010-06,0.18,0.00,0.2376,0.18,,67.69M,,2010-06,AOR,Restated
2010-03,478.00M,478.00M,375.00M,103.00M,86.00M,-5.00M,,-63.00M,,99.00M,4.00M,,-63.00M,-5.00M,-63.00M,-64.00M,-24.00M,-40.00M,,,,,-40.00M,-36.88M,113.00M,,2010-03,-0.67,0.00,,-0.67,,2010-03,-0.67,0.00,-0.6181,-0.67,,60.23M,,2010-03,AOR,Restated
2009-12,557.00M,557.00M,412.00M,145.00M,100.00M,-5.00M,,-74.00M,,115.00M,30.00M,,-74.00M,-5.00M,-74.00M,-49.00M,-25.00M,-24.00M,,,,,-26.00M,-20.75M,146.00M,,2009-12,-0.38,-0.04,,-0.42,,2009-12,-0.38,-0.04,-0.3260,-0.42,,60.16M,,2009-12,AOR,Restated
2009-09,592.00M,592.00M,412.00M,180.00M,99.00M,0.00,,-64.00M,,112.00M,68.00M,,-64.00M,,-64.00M,4.00M,4.00M,0.00,,,,,0.00,0.00,181.00M,,2009-09,0.00,0.00,,0.00,,2009-09,0.00,0.00,0.00,0.00,,60.73M,,2009-09,AOR,Restated
2009-06,615.00M,615.00M,474.00M,141.00M,101.00M,-22.00M,,-32.00M,,116.00M,25.00M,,-32.00M,-22.00M,-32.00M,-29.00M,-12.00M,-17.00M,,,,,-17.00M,-2.70M,150.00M,,2009-06,-0.28,0.00,,-0.28,,2009-06,-0.28,0.00,-0.0422,-0.28,,60.12M,,2009-06,AOR,Restated
2009-03,594.00M,594.00M,450.00M,144.00M,108.00M,-3.00M,52.00M,-52.00M,,122.00M,22.00M,52.00M,-52.00M,-3.00M,-52.00M,-33.00M,-14.00M,-19.00M,,,,,-19.00M,-17.05M,139.00M,,2009-03,-0.32,0.00,,-0.32,,2009-03,-0.32,0.00,-0.2875,-0.32,,59.99M,,2009-03,AOR,Restated
2008-12,791.00M,791.00M,539.00M,252.00M,133.00M,-1.153B,,,,133.00M,119.00M,,,-1.153B,,-1.065B,-212.00M,-853.00M,,,,0.00,-853.00M,70.48M,-924.00M,,2008-12,-11.50,0.00,,-11.50,,2008-12,-11.50,0.00,3.961,-11.50,,59.73M,,2008-12,AOR,Restated
2008-09,873.00M,873.00M,538.00M,335.00M,133.00M,1.00M,,,,147.00M,188.00M,,,1.00M,,117.00M,43.00M,74.00M,,,,,74.00M,73.37M,328.00M,,2008-09,1.11,0.00,,1.11,,2008-09,0.98,0.00,0.9705,0.98,,66.67M,,2008-09,,
2008-06,831.00M,831.00M,545.00M,286.00M,142.00M,-2.00M,,-51.00M,,157.00M,129.00M,,-51.00M,-2.00M,-51.00M,76.00M,39.00M,37.00M,,,,239.00M,37.00M,38.30M,255.00M,,2008-06,-2.33,0.00,,-2.33,,2008-06,-2.33,0.00,-2.315,-2.33,,86.42M,,2008-06,,Restated
2008-03,772.00M,772.00M,523.00M,249.00M,129.00M,-3.00M,43.00M,-43.00M,,144.00M,105.00M,43.00M,-43.00M,-3.00M,-43.00M,59.00M,21.00M,38.00M,,,,,38.00M,39.93M,225.00M,,2008-03,0.37,0.00,,0.37,,2008-03,0.34,0.00,0.3573,0.34,,111.76M,,2008-03,,Restated
2007-12,925.00M,925.00M,586.00M,339.00M,152.00M,112.00M,,,,168.00M,171.00M,,,112.00M,,240.00M,87.00M,153.00M,0.00,,,,160.00M,88.60M,400.00M,,2007-12,1.51,-0.01,,1.50,,2007-12,1.39,-0.01,0.9331,1.38,,156.28M,,2007-12,,Restated
2007-09,990.00M,990.00M,611.00M,379.00M,150.00M,2.00M,,,,163.00M,216.00M,,,2.00M,,172.00M,61.00M,111.00M,1.00M,,,,112.00M,109.71M,344.00M,,2007-09,1.09,0.01,,1.10,,2007-09,0.97,0.01,0.9572,0.98,,101.14M,,2007-09,,
2007-06,962.00M,962.00M,630.00M,332.00M,147.00M,2.00M,,,,160.00M,172.00M,,,2.00M,,116.00M,49.00M,67.00M,,,,,67.00M,65.70M,301.00M,,2007-06,0.68,0.00,,0.68,,2007-06,0.60,0.00,0.5887,0.60,,114.97M,,2007-06,,
2007-03,838.00M,838.00M,580.00M,258.00M,147.00M,,,,,159.00M,99.00M,,,,,50.00M,18.00M,32.00M,-2.00M,,,,30.00M,32.00M,220.00M,,2007-03,0.33,-0.02,,0.31,,2007-03,0.30,-0.02,0.30,0.28,,96.77M,,2007-03,,
2006-12,939.00M,939.00M,592.00M,347.00M,160.00M,,,,,173.00M,174.00M,,,,,121.00M,44.00M,77.00M,-24.00M,,,,53.00M,77.00M,282.00M,,2006-12,0.80,-0.25,,0.55,,2006-12,0.80,-0.2956,0.80,0.55,,96.61M,,2006-12,,
2006-09,983.00M,983.00M,612.00M,371.00M,156.00M,,,,,166.00M,205.00M,,,,,144.00M,56.00M,88.00M,7.00M,,,,95.00M,88.00M,331.00M,,2006-09,0.90,0.07,,0.97,,2006-09,0.79,0.06,0.79,0.85,,97.94M,,2006-09,,
2006-06,919.00M,919.00M,598.00M,321.00M,151.00M,1.00M,,,,168.00M,153.00M,,,1.00M,,100.00M,41.00M,59.00M,-3.00M,,,,56.00M,58.40M,276.00M,,2006-06,0.62,-0.03,,0.59,,2006-06,0.54,-0.03,0.5337,0.51,,94.92M,,2006-06,,
2006-03,799.00M,799.00M,549.00M,250.00M,146.00M,,,,,156.00M,94.00M,,,,,40.00M,15.00M,25.00M,-5.00M,,,,20.00M,25.00M,205.00M,,2006-03,0.26,-0.05,,0.21,,2006-03,0.23,-0.05,0.23,0.19,,95.24M,,2006-03,,
2005-12,688.00M,688.00M,393.00M,295.00M,134.00M,0.00,,,,144.00M,151.00M,,,0.00,,104.00M,40.00M,64.00M,,,,,49.00M,64.00M,241.00M,,2005-12,0.68,-0.16,,0.52,,2005-12,0.6339,,0.6339,0.52,,93.74M,,2005-12,,
2005-09,980.00M,980.00M,634.00M,346.00M,162.00M,5.00M,,,,172.00M,174.00M,,,5.00M,,126.00M,50.00M,76.00M,,,,,76.00M,72.98M,290.00M,,2005-09,0.80,0.00,,0.80,,2005-09,0.71,0.00,0.6783,0.71,,95.00M,,2005-09,,
2005-06,888.00M,888.00M,605.00M,283.00M,136.00M,-3.00M,,,,151.00M,132.00M,,,-3.00M,,82.00M,32.00M,50.00M,,,,,50.00M,51.83M,247.00M,,2005-06,0.53,0.00,,0.53,,2005-06,0.48,0.00,0.4994,0.48,,94.34M,,2005-06,,
2005-03,732.00M,732.00M,436.00M,296.00M,122.00M,,,,-96.00M,136.00M,160.00M,,,,,19.00M,7.00M,12.00M,,,,,12.00M,12.00M,271.00M,,2005-03,0.12,0.00,,0.12,,2005-03,0.11,0.00,0.11,0.11,,100.00M,,2005-03,,
2004-12,563.00M,563.00M,616.00M,-53.00M,96.00M,311.00M,,,,-51.00M,-2.00M,,,311.00M,,233.00M,47.00M,186.00M,,,,,30.00M,-62.27M,121.00M,,2004-12,0.3853,,,0.3853,,2004-12,0.3853,,-2.803,0.3853,,77.86M,,2004-12,,
2004-09,858.00M,858.00M,462.00M,396.00M,123.00M,-140.00M,,,44.00M,278.00M,118.00M,,,-140.00M,,-17.00M,29.00M,-46.00M,,,,,-46.00M,38.00M,234.00M,,2004-09,-0.58,0.00,,-0.58,,2004-09,-0.58,0.00,0.4791,-0.58,,79.31M,,2004-09,,
2004-06,771.00M,771.00M,434.00M,337.00M,115.00M,-12.00M,,,-92.00M,131.00M,206.00M,,,-12.00M,,64.00M,24.00M,40.00M,,,,,40.00M,47.50M,317.00M,,2004-06,0.42,0.00,,0.42,,2004-06,0.39,0.00,0.4688,0.39,,95.24M,,2004-06,,
2004-03,643.00M,643.00M,390.00M,253.00M,115.00M,-161.00M,,,-90.00M,132.00M,121.00M,,,-161.00M,,-180.00M,-72.00M,-108.00M,,,,,-108.00M,-11.40M,238.00M,,2004-03,-1.39,0.00,,-1.39,,2004-03,-1.39,0.00,-0.1467,-1.39,,77.70M,,2004-03,,
2003-12,756.96M,756.96M,528.46M,228.50M,113.19M,-428.83M,,,286.89M,430.68M,-202.18M,,,-428.83M,,-383.34M,-82.78M,-300.55M,,,,,-300.55M,35.67M,-97.48M,,2003-12,-3.28,-0.63,,-3.91,,2003-12,-3.28,-0.63,0.7436,-3.91,,83.56M,,2003-12,,
2003-09,805.13M,805.13M,460.85M,344.28M,127.49M,0.223M,,,-85.72M,145.15M,199.13M,,,0.223M,,56.58M,24.70M,31.88M,,,,,31.88M,31.75M,317.01M,,2003-09,0.43,0.00,,0.43,,2003-09,0.34,0.00,0.3386,0.34,,93.78M,,2003-09,,
2003-06,728.06M,728.06M,422.57M,305.49M,111.56M,1.502M,,,-82.42M,128.43M,177.06M,,,1.502M,,38.05M,14.66M,23.39M,,,,,23.39M,22.47M,288.29M,,2003-06,0.30,0.00,,0.30,,2003-06,0.25,0.00,0.2401,0.25,,93.56M,,2003-06,,
2003-03,591.85M,591.85M,357.12M,234.73M,96.76M,0.106M,,,-80.74M,113.74M,120.99M,,,0.106M,,-14.30M,-5.577M,-8.723M,,,,,-8.723M,-8.788M,218.71M,,2003-03,-0.11,0.00,,-0.11,,2003-03,-0.11,0.00,-0.1108,-0.11,,79.30M,,2003-03,,
2002-12,694.17M,694.17M,415.21M,278.97M,127.06M,-339.55M,,,227.82M,393.36M,-114.39M,,,-339.55M,,-280.01M,-62.55M,-217.46M,,0.339M,,,-217.13M,46.24M,-12.39M,,2002-12,-1.68,3.10,0.00,-2.38,,2002-12,-1.68,3.10,0.8045,-2.38,,106.14M,,2002-12,,
2002-09,783.10M,783.10M,453.15M,329.95M,110.92M,0.221M,,,-84.21M,125.88M,204.07M,,,0.221M,,66.79M,26.02M,40.77M,,,,,40.77M,40.63M,316.05M,,2002-09,0.53,0.00,,0.53,,2002-09,0.43,0.00,0.4286,0.43,,94.81M,,2002-09,,
2002-06,744.76M,744.76M,410.94M,333.82M,106.52M,3.048M,,,-80.56M,120.38M,213.44M,,,3.048M,,83.79M,32.68M,51.11M,,,,,51.11M,49.25M,307.86M,,2002-06,0.67,0.00,,0.67,,2002-06,0.51,0.00,0.4909,0.51,,97.48M,,2002-06,,
2002-03,598.96M,598.96M,341.71M,257.26M,98.50M,0.28M,,,-78.05M,112.38M,144.88M,,,0.28M,,12.43M,4.848M,7.584M,,-288.34M,,,-280.76M,7.413M,239.61M,,2002-03,0.10,-3.92,-0.0000,-3.82,,2002-03,0.08,-3.92,0.0782,-3.82,,97.34M,,2002-03,,
2001-12,704.00M,704.00M,698.27M,5.736M,109.08M,0.076M,,,,135.55M,-129.82M,,,0.076M,,55.00M,22.82M,32.17M,,,,,32.17M,32.13M,-19.74M,,2001-12,0.44,0.00,,0.44,,2001-12,0.34,0.00,0.3395,0.34,,94.70M,,2001-12,,
2001-09,795.48M,795.48M,408.73M,386.75M,110.96M,0.438M,,,-81.51M,138.01M,248.74M,,,0.438M,,106.07M,44.02M,62.05M,,,,,62.05M,61.79M,359.58M,,2001-09,0.85,0.00,,0.85,,2001-09,0.63,0.00,0.6272,0.63,,94.61M,,2001-09,,
2001-06,768.01M,768.01M,400.40M,367.62M,112.82M,-36.53M,,,-81.55M,139.95M,227.66M,,,-36.53M,,47.65M,22.71M,24.94M,,,,,13.62M,46.85M,339.80M,,2001-06,0.35,-0.16,,0.19,,2001-06,0.26,-0.16,0.5169,0.14,,85.30M,,2001-06,,
2001-03,619.10M,619.10M,339.74M,279.37M,108.89M,0.67M,,,-76.80M,135.00M,144.37M,,,0.67M,,5.832M,2.42M,3.412M,,,,,3.412M,3.01M,247.28M,,2001-03,0.05,0.00,,0.05,,2001-03,0.04,0.00,0.0353,0.04,,85.30M,,2001-03,,
2000-12,750.92M,750.92M,727.37M,23.55M,118.87M,1.04M,,,,-103.98M,127.52M,,,1.04M,,62.18M,25.80M,36.37M,,,,,36.37M,35.75M,232.81M,,2000-12,0.52,0.00,,0.52,,2000-12,0.40,0.00,0.3932,0.40,,91.64M,,2000-12,,
2000-09,859.03M,859.03M,430.83M,428.21M,124.49M,0.484M,,,,233.88M,194.32M,,,0.484M,,128.87M,53.48M,75.39M,,,-4.875M,,75.39M,75.10M,303.71M,,2000-09,1.07,0.00,,1.07,,2000-09,0.79,0.00,0.7868,0.79,,91.64M,,2000-09,,
2000-06,729.95M,729.95M,372.62M,357.33M,109.12M,0.108M,,,,215.35M,141.98M,,,0.108M,,80.68M,33.48M,47.20M,,,-4.875M,,47.20M,47.13M,248.21M,,2000-06,0.66,0.00,,0.66,,2000-06,0.51,0.00,0.5093,0.51,,91.64M,,2000-06,,
2000-03,578.96M,578.96M,299.48M,279.49M,101.85M,0.204M,,,,195.37M,84.12M,,,0.204M,,29.76M,12.35M,17.41M,,,-4.875M,,17.41M,17.29M,177.64M,,2000-03,0.24,0.00,,0.24,,2000-03,0.19,0.00,0.1887,0.19,,91.64M,,2000-03,,
1999-12,669.03M,669.03M,623.01M,46.02M,104.40M,0.479M,,,,-79.84M,125.86M,,,0.479M,,75.21M,30.84M,44.37M,,,,,44.37M,44.08M,222.26M,,1999-12,0.61,0.00,,0.61,,1999-12,0.47,0.00,0.4670,0.47,,95.65M,,1999-12,,
1999-09,668.60M,668.60M,333.70M,334.90M,98.30M,0.40M,,,,192.90M,142.00M,,,0.40M,,95.30M,39.10M,56.20M,,,-4.90M,,56.20M,55.96M,236.60M,,1999-09,0.78,0.00,,0.78,,1999-09,0.60,0.00,0.5976,0.60,,99.00M,,1999-09,,
1999-06,503.66M,503.66M,253.70M,249.96M,84.60M,-9.40M,,,,164.90M,85.06M,,,-9.40M,,43.90M,18.00M,25.90M,,,-4.90M,,25.90M,31.54M,165.36M,,1999-06,0.36,0.00,,0.36,,1999-06,0.28,0.00,0.3410,0.28,,92.50M,,1999-06,,
1999-03,392.31M,392.31M,198.30M,194.01M,65.30M,0.20M,,,,137.50M,56.51M,,,0.20M,,27.50M,11.30M,16.20M,,,-4.90M,,16.20M,16.08M,128.71M,,1999-03,0.24,0.00,,0.24,,1999-03,0.18,0.00,0.1787,0.18,,90.00M,,1999-03,,
1998-12,416.00M,416.00M,209.90M,206.10M,66.80M,-4.60M,,,,134.90M,71.20M,,,-4.60M,,36.60M,18.30M,18.30M,,,,,18.30M,21.06M,139.30M,,1998-12,0.27,0.00,,0.27,,1998-12,0.25,0.00,0.2793,0.25,,94.29M,,1998-12,,
1998-09,379.10M,379.10M,125.80M,253.30M,60.40M,-41.90M,,,,186.20M,67.10M,,,-41.90M,,-1.80M,8.40M,-10.20M,,,,,-31.50M,14.94M,192.90M,,1998-09,-0.15,-0.31,,-0.46,,1998-09,-0.15,-0.31,0.1772,-0.46,,76.83M,,1998-09,,
1998-06,254.00M,254.00M,160.80M,93.20M,42.20M,3.40M,,,,54.90M,38.30M,,,3.40M,,32.20M,11.90M,20.30M,,,,,20.30M,18.16M,83.00M,,1998-06,0.31,0.00,,0.31,,1998-06,0.28,0.00,0.2058,0.28,,28.89M,,1998-06,,
