,OperatingRevenue,Revenue,CostofGoodsSold,GrossProfit,SG&AExpense,IncomeStatementDepreciation,AmortizationExpense,SpecialIncomeandCharges,OperatingInterestExpense,NetOperatingInterestIncome,OtherOperatingExpenses,TotalOperatingExpenses,OperatingIncome,Non-OperatingInterestExpense,NetNon-OperatingInterestIncomeExpense,OtherIncomeandExpenses,NetInterestIncome,Pre-TaxIncome,ProvisionforIncomeTaxes,IncomefromContinuingOperations,IncomefromDiscontinuedOperations,"ExtraordinaryItems,IncomeStatement",IncomeAttributabletoMinorityInterest,NetIncome,NormalizedIncome,EBIT,,BasicEPS(Quarterly),EPSBasicfromContinuingOperations,EPSBasicfromDiscontinuedOperations,NormalizedBasicEPS,EPSBasic,,DilutedEPS(Quarterly),EPSDilutedfromContinuingOperations,EPSDilutedfromTaxLossCarryforward,NormalizedDilutedEPS,EPSDiluted,AverageBasicSharesOutstanding,AverageDilutedSharesOutstanding,DividendPerShare,,SECFilingLinks,AsOriginallyReported,Restated
2020-09,1.846B,1.846B,519.00M,1.327B,339.00M,20.00M,32.00M,-271.00M,35.00M,-35.00M,,391.00M,936.00M,35.00M,-35.00M,-265.00M,-35.00M,636.00M,138.00M,498.00M,,,-43.00M,455.00M,669.54M,671.00M,,2020-09,1.89,,2.782,1.89,,2020-09,1.88,,2.768,1.88,240.60M,241.60M,0.67,,2020-09,AOR,
2020-06,1.943B,1.943B,493.00M,1.45B,295.00M,19.00M,32.00M,1.00M,40.00M,-40.00M,,346.00M,1.104B,40.00M,-40.00M,11.00M,-40.00M,1.075B,233.00M,842.00M,,,-50.00M,792.00M,787.30M,1.115B,,2020-06,3.29,,3.270,3.29,,2020-06,3.28,,3.261,3.28,240.90M,241.90M,0.67,,2020-06,AOR,
2020-03,1.786B,1.786B,521.00M,1.265B,311.00M,20.00M,29.00M,7.00M,34.00M,-34.00M,,360.00M,905.00M,34.00M,-34.00M,6.00M,-34.00M,877.00M,188.00M,689.00M,,,-50.00M,639.00M,641.36M,911.00M,,2020-03,2.64,,2.650,2.64,,2020-03,2.62,,2.630,2.62,242.10M,243.30M,0.67,,2020-03,AOR,
2019-12,1.735B,1.735B,341.00M,1.394B,525.00M,21.00M,30.00M,0.00,93.00M,-93.00M,,576.00M,818.00M,93.00M,-93.00M,6.00M,-93.00M,731.00M,145.00M,586.00M,,,-45.00M,541.00M,543.40M,824.00M,,2019-12,2.22,,2.230,2.22,,2019-12,2.20,,2.210,2.20,243.90M,245.40M,0.57,,2019-12,AOR,
2019-09,1.689B,1.689B,480.00M,1.209B,318.00M,20.00M,29.00M,49.00M,32.00M,-32.00M,,367.00M,842.00M,32.00M,-32.00M,41.00M,-32.00M,851.00M,189.00M,662.00M,,,-45.00M,617.00M,591.33M,883.00M,,2019-09,2.52,,2.415,2.52,,2019-09,2.50,,2.396,2.50,245.00M,246.50M,0.57,,2019-09,AOR,Restated
2019-06,1.704B,1.704B,471.00M,1.233B,368.00M,21.00M,31.00M,0.00,37.00M,-37.00M,,420.00M,813.00M,37.00M,-37.00M,6.00M,-37.00M,782.00M,180.00M,602.00M,,,-47.00M,555.00M,555.77M,819.00M,,2019-06,2.25,,2.253,2.25,,2019-06,2.24,,2.243,2.24,246.10M,247.40M,0.57,,2019-06,AOR,Restated
2019-03,1.571B,1.571B,473.00M,1.098B,341.00M,20.00M,32.00M,0.00,36.00M,-36.00M,,393.00M,705.00M,36.00M,-36.00M,-103.00M,-36.00M,566.00M,113.00M,453.00M,,,-43.00M,410.00M,410.00M,602.00M,,2019-03,1.66,,1.66,1.66,,2019-03,1.65,,1.65,1.65,246.70M,248.30M,0.57,,2019-03,AOR,Restated
2018-12,1.537B,1.537B,411.00M,1.126B,367.00M,24.00M,31.00M,0.00,36.00M,-36.00M,,422.00M,704.00M,36.00M,-36.00M,3.00M,-36.00M,671.00M,120.00M,551.00M,,,-40.00M,511.00M,513.46M,707.00M,,2018-12,2.06,,2.070,2.06,,2018-12,2.03,,2.040,2.03,248.80M,251.70M,0.50,,2018-12,AOR,Restated
2018-09,1.546B,1.546B,410.00M,1.136B,379.00M,20.00M,33.00M,0.00,38.00M,-38.00M,,432.00M,704.00M,38.00M,-38.00M,6.00M,-38.00M,672.00M,137.00M,535.00M,,,-40.00M,495.00M,496.59M,710.00M,,2018-09,1.97,,1.976,1.97,,2018-09,1.95,,1.956,1.95,251.30M,253.50M,0.50,,2018-09,AOR,Restated
2018-06,1.609B,1.609B,441.00M,1.168B,444.00M,19.00M,33.00M,,26.00M,-26.00M,,496.00M,672.00M,26.00M,-26.00M,11.00M,-26.00M,657.00M,156.00M,501.00M,,,-40.00M,461.00M,458.71M,683.00M,,2018-06,1.83,,1.821,1.83,,2018-06,1.82,,1.811,1.82,251.10M,253.30M,0.50,,2018-06,AOR,Restated
2018-03,1.567B,1.567B,430.00M,1.137B,381.00M,21.00M,24.00M,,34.00M,-34.00M,,426.00M,711.00M,34.00M,-34.00M,4.00M,-34.00M,681.00M,147.00M,534.00M,,,-43.00M,491.00M,494.14M,715.00M,,2018-03,1.94,,1.952,1.94,,2018-03,1.93,,1.942,1.93,252.40M,254.40M,0.50,,2018-03,AOR,Restated
2017-12,1.588B,1.588B,432.00M,1.156B,483.00M,21.00M,25.00M,,39.00M,-39.00M,,529.00M,627.00M,39.00M,-39.00M,1.00M,-39.00M,589.00M,290.00M,299.00M,,,-37.00M,262.00M,262.00M,628.00M,,2017-12,1.03,,1.03,1.03,,2017-12,1.02,,1.02,1.02,254.20M,257.10M,0.41,,2017-12,AOR,Restated
2017-09,1.513B,1.513B,419.00M,1.094B,399.00M,22.00M,24.00M,,37.00M,-37.00M,,445.00M,649.00M,37.00M,-37.00M,9.00M,-37.00M,621.00M,169.00M,452.00M,,,-38.00M,414.00M,414.00M,658.00M,,2017-09,1.62,,1.62,1.62,,2017-09,1.61,,1.61,1.61,255.50M,257.90M,0.41,,2017-09,AOR,Restated
2017-06,1.509B,1.509B,432.00M,1.077B,364.00M,20.00M,25.00M,,37.00M,-37.00M,,409.00M,668.00M,37.00M,-37.00M,9.00M,-37.00M,640.00M,183.00M,457.00M,,,-36.00M,421.00M,421.00M,677.00M,,2017-06,1.63,,1.63,1.63,,2017-06,1.62,,1.62,1.62,257.30M,259.90M,0.41,,2017-06,AOR,Restated
2017-03,1.453B,1.453B,411.00M,1.042B,360.00M,19.00M,24.00M,,37.00M,-37.00M,,403.00M,639.00M,37.00M,-37.00M,9.00M,-37.00M,611.00M,181.00M,430.00M,,,-31.00M,399.00M,399.00M,648.00M,,2017-03,1.54,,1.54,1.54,,2017-03,1.53,,1.53,1.53,258.20M,260.80M,0.41,,2017-03,AOR,Restated
2016-12,1.399B,1.399B,421.00M,978.00M,481.00M,22.00M,25.00M,379.00M,59.00M,-59.00M,,528.00M,450.00M,59.00M,-59.00M,407.00M,-59.00M,798.00M,229.00M,569.00M,,,-32.00M,537.00M,266.76M,857.00M,,2016-12,2.07,,1.026,2.07,,2016-12,2.05,,1.017,2.05,258.90M,261.60M,0.36,,2016-12,AOR,Restated
2016-09,1.439B,1.439B,431.00M,1.008B,337.00M,22.00M,23.00M,722.00M,39.00M,-39.00M,,382.00M,626.00M,39.00M,-39.00M,722.00M,-39.00M,1.309B,386.00M,923.00M,,,-31.00M,892.00M,382.99M,1.348B,,2016-09,3.39,,1.454,3.39,,2016-09,3.36,,1.441,3.36,262.90M,265.30M,0.36,,2016-09,AOR,Restated
2016-06,1.482B,1.482B,469.00M,1.013B,317.00M,22.00M,23.00M,,42.00M,-42.00M,,362.00M,651.00M,42.00M,-42.00M,,-42.00M,609.00M,197.00M,412.00M,,,-29.00M,383.00M,383.00M,651.00M,,2016-06,1.45,,1.45,1.45,,2016-06,1.44,,1.44,1.44,264.50M,266.70M,0.36,,2016-06,AOR,Restated
2016-03,1.341B,1.341B,453.00M,888.00M,334.00M,18.00M,24.00M,,40.00M,-40.00M,,376.00M,512.00M,40.00M,-40.00M,,-40.00M,472.00M,149.00M,323.00M,,,-29.00M,294.00M,294.00M,512.00M,,2016-03,1.11,,1.11,1.11,,2016-03,1.10,,1.10,1.10,265.00M,267.20M,0.36,,2016-03,AOR,Restated
2015-12,1.375B,1.375B,477.00M,898.00M,421.00M,26.00M,27.00M,0.00,40.00M,-40.00M,,474.00M,424.00M,40.00M,-40.00M,0.00,-40.00M,384.00M,108.00M,276.00M,,,-29.00M,247.00M,247.00M,424.00M,,2015-12,0.92,0.00,0.92,0.92,,2015-12,0.91,,0.91,0.91,268.60M,272.20M,0.33,,2015-12,AOR,Restated
2015-09,1.324B,1.324B,419.00M,905.00M,458.00M,20.00M,17.00M,0.00,30.00M,-30.00M,,495.00M,410.00M,30.00M,-30.00M,0.00,-30.00M,380.00M,99.00M,281.00M,,,-29.00M,252.00M,252.00M,410.00M,,2015-09,0.93,,0.93,0.93,,2015-09,0.92,,0.92,0.92,271.30M,274.40M,0.33,,2015-09,AOR,Restated
2015-06,1.342B,1.342B,412.00M,930.00M,326.00M,22.00M,11.00M,,16.00M,-16.00M,-11.00M,348.00M,582.00M,16.00M,-16.00M,,-16.00M,566.00M,185.00M,381.00M,,,-28.00M,353.00M,353.00M,582.00M,,2015-06,1.29,,1.29,1.29,,2015-06,1.28,,1.28,1.28,273.10M,275.70M,0.33,,2015-06,AOR,Restated
2015-03,1.273B,1.273B,410.00M,863.00M,329.00M,22.00M,11.00M,,16.00M,-16.00M,,362.00M,501.00M,16.00M,-16.00M,,-16.00M,485.00M,156.00M,329.00M,,,-26.00M,303.00M,303.00M,501.00M,,2015-03,1.11,,1.11,1.11,,2015-03,1.10,,1.10,1.10,273.50M,276.30M,0.33,,2015-03,AOR,Restated
2014-12,1.29B,1.29B,446.00M,844.00M,1.958B,22.00M,12.00M,,19.00M,-19.00M,,1.983B,-1.139B,19.00M,-19.00M,,-19.00M,-1.167B,-183.00M,-984.00M,163.00M,,-25.00M,-846.00M,-1.009B,-1.148B,,2014-12,-3.71,0.60,-3.71,-3.11,,2014-12,-3.71,,-3.71,-3.11,271.80M,271.80M,0.30,,2014-12,AOR,Restated
2014-09,1.263B,1.263B,402.00M,861.00M,462.00M,21.00M,12.00M,,12.00M,-12.00M,,495.00M,366.00M,12.00M,-12.00M,,-12.00M,354.00M,139.00M,215.00M,2.00M,,-27.00M,190.00M,188.00M,366.00M,,2014-09,0.69,0.01,0.69,0.70,,2014-09,0.68,,0.68,0.69,270.90M,275.40M,0.30,,2014-09,AOR,Restated
2014-06,1.302B,1.302B,407.00M,895.00M,376.00M,22.00M,12.00M,,14.00M,-14.00M,9.00M,419.00M,476.00M,14.00M,-14.00M,,-14.00M,462.00M,152.00M,310.00M,6.00M,,-24.00M,292.00M,286.00M,476.00M,,2014-06,1.05,0.02,1.05,1.08,,2014-06,1.04,,1.04,1.06,271.50M,276.10M,0.30,,2014-06,AOR,Restated
2014-03,1.196B,1.196B,396.00M,800.00M,347.00M,21.00M,12.00M,,14.00M,-14.00M,,380.00M,420.00M,14.00M,-14.00M,,-14.00M,406.00M,138.00M,268.00M,7.00M,,-27.00M,248.00M,241.00M,420.00M,,2014-03,0.89,0.02,0.89,0.91,,2014-03,0.87,,0.87,0.89,271.80M,277.20M,0.30,,2014-03,AOR,Restated
2013-12,1.206B,1.206B,450.00M,756.00M,415.00M,21.00M,13.00M,,14.00M,-14.00M,36.00M,485.00M,271.00M,14.00M,-14.00M,,-14.00M,257.00M,74.00M,183.00M,6.00M,,-17.00M,172.00M,166.00M,271.00M,,2013-12,0.64,-0.01,0.64,0.63,,2013-12,0.62,,0.62,0.62,270.60M,278.00M,0.28,,2013-12,AOR,Restated
2013-09,1.152B,1.152B,371.00M,781.00M,377.00M,20.00M,13.00M,,14.00M,-14.00M,-24.00M,386.00M,395.00M,14.00M,-14.00M,,-14.00M,381.00M,123.00M,258.00M,-13.00M,,-30.00M,215.00M,228.00M,395.00M,,2013-09,0.83,-0.05,0.83,0.79,,2013-09,0.82,,0.82,0.77,272.80M,278.80M,0.28,,2013-09,AOR,Restated
2013-06,1.25B,1.25B,395.00M,855.00M,384.00M,22.00M,13.00M,,16.00M,-16.00M,,419.00M,436.00M,16.00M,-16.00M,,-16.00M,420.00M,147.00M,273.00M,4.00M,,-23.00M,254.00M,250.00M,436.00M,,2013-06,0.91,0.01,0.91,0.93,,2013-06,0.90,,0.90,0.91,274.30M,278.30M,0.28,,2013-06,AOR,Restated
2013-03,1.181B,1.181B,374.00M,807.00M,494.00M,23.00M,12.00M,,15.00M,-15.00M,,529.00M,278.00M,15.00M,-15.00M,,-15.00M,263.00M,89.00M,174.00M,581.00M,,-20.00M,735.00M,154.00M,278.00M,,2013-03,0.55,2.07,0.55,2.62,,2013-03,0.54,,0.54,2.59,280.50M,284.30M,0.28,,2013-03,AOR,Restated
2012-12,1.046B,1.046B,353.00M,693.00M,403.00M,24.00M,13.00M,,18.00M,-18.00M,,388.00M,305.00M,18.00M,-18.00M,,-18.00M,287.00M,101.00M,186.00M,-378.00M,,-24.00M,-216.00M,162.00M,305.00M,,2012-12,0.68,-1.46,0.68,-0.78,,2012-12,0.67,,0.67,-0.78,278.00M,284.60M,0.255,,2012-12,AOR,Restated
2012-09,1.116B,1.116B,367.00M,749.00M,435.00M,24.00M,15.00M,,21.00M,-21.00M,,474.00M,275.00M,21.00M,-21.00M,,-21.00M,254.00M,82.00M,172.00M,165.00M,,-23.00M,314.00M,149.00M,275.00M,,2012-09,0.54,0.58,0.54,1.13,,2012-09,0.53,,0.53,1.10,278.70M,284.60M,0.255,,2012-09,AOR,Restated
2012-06,1.072B,1.072B,351.00M,721.00M,379.00M,23.00M,11.00M,,21.00M,-21.00M,,413.00M,308.00M,21.00M,-21.00M,,-21.00M,287.00M,107.00M,180.00M,40.00M,,-4.00M,216.00M,176.00M,308.00M,,2012-06,0.63,0.14,0.63,0.77,,2012-06,0.62,,0.62,0.76,279.70M,285.30M,0.255,,2012-06,AOR,Restated
2012-03,1.035B,1.035B,361.00M,674.00M,361.00M,22.00M,9.00M,,21.00M,-21.00M,,392.00M,282.00M,21.00M,-21.00M,,-21.00M,261.00M,98.00M,163.00M,-36.00M,,-4.00M,123.00M,159.00M,282.00M,,2012-03,0.57,-0.13,0.57,0.44,,2012-03,0.56,,0.56,0.43,278.00M,283.80M,0.255,,2012-03,AOR,Restated
2011-12,-772.00M,-772.00M,-420.00M,-352.00M,-258.00M,19.00M,-10.00M,,20.00M,-20.00M,0.00,-249.00M,-103.00M,20.00M,-20.00M,,-20.00M,-123.00M,-34.00M,-89.00M,310.00M,,-6.00M,215.00M,-95.00M,-103.00M,,2011-12,-0.2797,1.027,-0.2797,0.74,,2011-12,-0.2797,,-0.2797,0.73,285.80M,292.20M,0.25,,2011-12,AOR,Restated
2011-09,1.908B,1.908B,711.00M,1.197B,552.00M,23.00M,15.00M,,18.00M,-18.00M,,590.00M,607.00M,18.00M,-18.00M,,-18.00M,589.00M,214.00M,375.00M,-1.00M,,-8.00M,366.00M,367.00M,607.00M,,2011-09,1.232,-0.0034,1.232,1.23,,2011-09,1.209,,1.209,1.21,297.80M,303.60M,0.25,,2011-09,AOR,Restated
2011-06,1.557B,1.557B,593.00M,964.00M,580.00M,25.00M,14.00M,,,-20.00M,,619.00M,345.00M,,-20.00M,,-20.00M,338.00M,122.00M,216.00M,0.00,,-5.00M,211.00M,211.00M,345.00M,,2011-06,0.70,0.00,0.70,0.70,,2011-06,0.68,,0.68,0.68,303.60M,309.20M,0.25,,2011-06,AOR,Restated
2011-03,1.261B,1.261B,503.00M,758.00M,503.00M,25.00M,14.00M,,,-19.00M,,542.00M,216.00M,,-19.00M,,-19.00M,197.00M,72.00M,125.00M,-1.00M,,-4.00M,120.00M,121.00M,216.00M,,2011-03,0.40,-0.01,0.40,0.39,,2011-03,0.39,,0.39,0.39,305.20M,309.60M,0.25,,2011-03,AOR,Restated
2010-12,-937.60M,-937.60M,-514.30M,-423.30M,-301.50M,2.80M,-9.30M,,,-20.80M,,-315.00M,-108.30M,,-20.80M,,-20.80M,-140.20M,-49.20M,-91.00M,251.10M,,-6.30M,153.80M,-97.30M,-108.30M,,2010-12,-0.29,0.80,-0.29,0.51,,2010-12,-0.29,,-0.29,0.50,305.80M,310.10M,0.235,,2010-12,AOR,Restated
2010-09,1.956B,1.956B,708.00M,1.248B,597.60M,23.30M,8.40M,,,-19.30M,,629.30M,618.90M,,-19.30M,,-19.30M,610.70M,221.70M,389.00M,0.70M,,-9.80M,379.90M,379.20M,618.90M,,2010-09,1.23,0.01,1.23,1.24,,2010-09,1.23,,1.23,1.23,307.20M,309.30M,0.235,,2010-09,AOR,
2010-06,1.474B,1.474B,560.90M,913.20M,547.70M,26.20M,13.00M,,,-20.90M,,586.90M,326.30M,,-20.90M,,-20.90M,305.40M,111.20M,194.20M,,,-3.10M,191.10M,191.10M,326.30M,,2010-06,0.61,0.00,0.61,0.61,,2010-06,0.61,,0.61,0.61,311.20M,313.20M,0.235,,2010-06,AOR,Restated
2010-03,1.190B,1.190B,476.20M,714.20M,488.00M,25.90M,10.00M,,22.10M,-22.10M,,523.90M,190.30M,22.10M,-22.10M,,-22.10M,168.20M,61.20M,107.00M,,,-3.70M,103.30M,103.30M,190.30M,,2010-03,0.33,0.00,0.33,0.33,,2010-03,0.33,,0.33,0.33,313.40M,316.30M,0.235,,2010-03,AOR,Restated
2009-12,1.462B,1.462B,578.68M,883.81M,556.85M,28.54M,16.01M,,19.95M,-19.95M,,604.71M,279.10M,19.95M,-19.95M,,-19.95M,273.00M,99.37M,173.63M,,,-6.335M,167.29M,167.29M,292.95M,,2009-12,0.54,0.00,0.54,0.54,,2009-12,0.53,,0.53,0.53,312.69M,314.48M,0.225,,2009-12,AOR,Restated
2009-09,1.876B,1.876B,735.88M,1.140B,546.96M,26.03M,11.07M,0.00,17.83M,-17.83M,,584.06M,555.96M,17.83M,-17.83M,0.00,-17.83M,538.14M,195.88M,342.26M,,,-6.145M,336.11M,336.11M,555.96M,,2009-09,1.08,0.00,1.08,1.08,,2009-09,1.07,,1.07,1.07,312.47M,313.64M,0.225,,2009-09,AOR,Restated
2009-06,1.465B,1.465B,582.50M,882.68M,546.13M,28.78M,11.44M,-13.85M,18.50M,-18.50M,,586.35M,296.33M,18.50M,-18.50M,-13.85M,-18.50M,263.98M,96.09M,167.89M,,,-3.798M,164.09M,172.90M,282.48M,,2009-06,0.53,0.00,0.5582,0.53,,2009-06,0.52,,0.5481,0.52,312.23M,313.03M,0.225,,2009-06,AOR,Restated
2009-03,1.148B,1.148B,488.94M,659.27M,491.31M,29.41M,14.20M,,20.59M,-20.59M,,534.93M,124.34M,20.59M,-20.59M,,-20.59M,103.75M,37.76M,65.98M,,,-2.981M,63.00M,63.00M,124.34M,,2009-03,0.20,0.00,0.20,0.20,,2009-03,0.20,,0.20,0.20,312.02M,312.02M,0.225,,2009-03,AOR,Restated
2008-12,1.415B,1.415B,624.57M,790.85M,540.46M,31.96M,17.52M,,,,,589.94M,200.91M,,,,,185.47M,69.55M,115.92M,,,,115.92M,115.92M,200.91M,,2008-12,0.37,0.00,0.37,0.37,,2008-12,0.37,,0.37,0.37,311.33M,312.95M,0.22,,2008-12,AOR,
2008-09,2.049B,2.049B,747.79M,1.301B,610.90M,29.95M,13.64M,,,,,654.49M,646.27M,,,,,624.26M,234.10M,390.17M,,,,390.17M,390.17M,646.27M,,2008-09,1.25,0.00,1.25,1.25,,2008-09,1.23,,1.23,1.23,313.10M,317.20M,0.22,,2008-09,,
2008-06,1.673B,1.673B,639.27M,1.034B,630.38M,30.41M,13.14M,,,,,673.93M,360.02M,,,,,339.67M,127.38M,212.29M,,,,212.29M,212.29M,360.02M,,2008-06,0.67,0.00,0.67,0.67,,2008-06,0.66,,0.66,0.66,317.75M,321.09M,0.22,,2008-06,,
2008-03,1.218B,1.218B,508.31M,709.56M,516.77M,27.53M,14.20M,,17.83M,-17.83M,,558.50M,151.06M,17.83M,-17.83M,,-17.83M,133.23M,48.67M,84.56M,,,-3.453M,81.11M,81.11M,151.06M,,2008-03,0.25,0.00,0.25,0.25,,2008-03,0.25,,0.25,0.25,319.94M,323.40M,0.22,,2008-03,,Restated
2007-12,1.570B,1.570B,621.53M,948.16M,669.01M,28.68M,13.61M,0.00,,,0.00,711.31M,236.86M,,,0.00,,225.00M,84.38M,140.62M,,,,140.62M,140.62M,236.86M,,2007-12,0.44,0.00,0.44,0.44,,2007-12,0.44,,0.44,0.44,323.96M,330.37M,0.205,,2007-12,,
2007-09,2.188B,2.188B,766.89M,1.421B,644.54M,26.20M,11.71M,,,,,682.45M,738.65M,,,,,723.23M,271.21M,452.02M,,,,452.02M,452.02M,738.65M,,2007-09,1.37,0.00,1.37,1.37,,2007-09,1.34,,1.34,1.34,330.25M,337.73M,0.205,,2007-09,,
2007-06,1.718B,1.718B,634.80M,1.083B,587.69M,28.80M,11.47M,,,,,627.95M,455.42M,,,,,443.33M,166.25M,277.08M,,,,277.08M,277.08M,455.42M,,2007-06,0.81,0.00,0.81,0.81,,2007-06,0.79,,0.79,0.79,340.18M,350.30M,0.205,,2007-06,,
2007-03,1.296B,1.296B,504.38M,792.04M,536.64M,28.90M,11.61M,17.30M,,,-17.30M,559.86M,232.18M,,,17.30M,,230.98M,87.14M,143.84M,,,,143.84M,133.06M,232.18M,,2007-03,0.41,0.00,0.3793,0.41,,2007-03,0.40,,0.3702,0.40,351.22M,361.50M,0.205,,2007-03,,
2006-12,1.594B,1.594B,607.03M,987.32M,618.50M,30.45M,12.22M,,,,,661.17M,326.15M,,,,,326.08M,121.30M,204.78M,,,,204.78M,204.78M,326.15M,,2006-12,0.58,0.00,0.58,0.58,,2006-12,0.56,,0.56,0.56,352.76M,363.95M,0.1815,,2006-12,,
2006-09,1.993B,1.993B,712.26M,1.280B,625.08M,26.87M,12.14M,,,,,664.08M,616.23M,,,,,608.71M,226.44M,382.27M,,,,382.27M,382.27M,616.23M,,2006-09,1.09,0.00,1.09,1.09,,2006-09,1.06,,1.06,1.06,351.14M,360.94M,0.1815,,2006-09,,
2006-06,1.528B,1.528B,586.48M,941.07M,540.24M,28.32M,12.11M,,,,,580.66M,360.40M,,,,,351.85M,130.89M,220.96M,,,,220.96M,220.96M,360.40M,,2006-06,0.62,0.00,0.62,0.62,,2006-06,0.60,,0.60,0.60,355.78M,365.51M,0.1815,,2006-06,,
2006-03,1.141B,1.141B,481.48M,659.19M,504.03M,27.56M,11.93M,,,,,543.52M,115.67M,,,,,118.18M,43.96M,74.22M,,,,74.22M,74.22M,115.67M,,2006-03,0.20,0.00,0.20,0.20,,2006-03,0.20,,0.20,0.20,367.46M,377.33M,0.1815,,2006-03,,
2005-12,1.541B,1.541B,588.74M,952.57M,590.52M,29.61M,11.36M,-5.522M,,,5.522M,637.01M,315.56M,,,-5.522M,,317.38M,128.07M,189.31M,,,,189.31M,192.63M,315.56M,,2005-12,0.50,0.00,0.5088,0.50,,2005-12,0.50,,0.5087,0.50,375.03M,380.31M,0.165,,2005-12,,
2005-09,1.977B,1.977B,721.97M,1.255B,613.14M,26.30M,12.44M,6.758M,,,-6.758M,645.12M,609.96M,,,6.758M,,607.15M,225.86M,381.29M,,,,381.29M,377.04M,609.96M,,2005-09,1.02,0.00,1.009,1.02,,2005-09,1.00,,0.9889,1.00,373.55M,381.16M,0.165,,2005-09,,
2005-06,1.456B,1.456B,574.44M,881.84M,529.72M,26.13M,12.01M,,,,,567.86M,313.97M,,,,,310.46M,115.49M,194.97M,,,,194.97M,194.97M,313.97M,,2005-06,0.52,0.00,0.52,0.52,,2005-06,0.51,,0.51,0.51,373.53M,380.05M,0.165,,2005-06,,
2005-03,1.029B,1.029B,430.73M,598.28M,439.47M,24.70M,8.429M,,,,,472.60M,125.67M,,,,,124.98M,46.24M,78.74M,,,,78.74M,78.74M,125.67M,,2005-03,0.21,0.00,0.21,0.21,,2005-03,0.205,,0.205,0.205,378.83M,386.60M,0.165,,2005-03,,
2004-12,1.362B,1.362B,516.68M,845.15M,509.02M,24.80M,9.658M,,,,,543.48M,301.67M,,,,,301.65M,111.61M,190.04M,0.00,,,190.04M,190.04M,301.67M,,2004-12,0.50,0.00,0.50,0.50,,2004-12,0.49,,0.49,0.49,379.88M,385.93M,0.15,,2004-12,,
2004-09,1.723B,1.723B,649.16M,1.074B,525.44M,22.19M,9.173M,,,,,556.80M,516.92M,,,,,515.05M,190.57M,324.48M,,,,324.48M,324.48M,516.92M,,2004-09,0.86,0.00,0.86,0.86,,2004-09,0.85,,0.85,0.85,378.76M,384.11M,0.15,,2004-09,,
2004-06,1.246B,1.246B,494.44M,751.52M,456.70M,22.99M,6.774M,,,,,486.46M,265.06M,,,,,262.90M,97.27M,165.63M,,,,165.63M,165.63M,265.06M,,2004-06,0.44,0.00,0.44,0.44,,2004-06,0.43,,0.43,0.43,379.18M,385.21M,0.15,,2004-06,,
2004-03,919.87M,919.87M,386.36M,533.51M,413.40M,22.20M,6.865M,,,,,442.46M,91.05M,,,,,89.31M,13.04M,76.27M,-0.587M,,,75.68M,76.27M,91.05M,,2004-03,0.20,0.00,0.20,0.20,,2004-03,0.195,,0.195,0.195,381.16M,386.98M,0.15,,2004-03,,
2003-12,1.285B,1.285B,555.89M,728.93M,454.02M,22.05M,7.619M,135.63M,,,-135.63M,348.07M,380.86M,,,135.63M,,381.14M,165.29M,215.85M,-55.93M,,,159.92M,134.48M,380.86M,,2003-12,0.57,-0.145,0.3541,0.425,,2003-12,0.56,,0.3491,0.415,376.99M,385.92M,0.135,,2003-12,,
2003-09,1.603B,1.603B,630.79M,971.88M,486.80M,19.50M,8.434M,4.085M,,,-4.085M,510.64M,461.23M,,,4.085M,,459.21M,169.91M,289.30M,0.997M,,,290.30M,286.73M,461.23M,,2003-09,0.76,0.00,0.7532,0.76,,2003-09,0.755,,0.7483,0.755,381.05M,384.11M,0.135,,2003-09,,
2003-06,1.172B,1.172B,477.18M,694.84M,440.52M,20.62M,8.459M,4.085M,,,-2.879M,466.71M,228.12M,,,4.085M,,229.33M,83.86M,142.80M,-0.76M,,,142.04M,140.20M,228.12M,,2003-06,0.375,0.00,0.3682,0.375,,2003-06,0.375,,0.3682,0.37,379.66M,382.55M,0.135,,2003-06,,
2003-03,830.81M,830.81M,354.59M,476.22M,385.21M,20.66M,8.459M,4.054M,,,-4.054M,410.27M,65.95M,,,4.054M,,63.27M,23.41M,39.86M,55.53M,,,95.40M,37.31M,65.95M,,2003-03,0.105,0.145,0.0983,0.25,,2003-03,0.105,,0.0983,0.25,381.87M,383.96M,0.135,,2003-03,,
2002-12,1.092B,1.092B,448.99M,643.31M,388.41M,19.69M,7.20M,-16.92M,,,16.92M,432.22M,211.10M,,,-16.92M,,208.12M,78.04M,130.08M,,,,134.87M,140.65M,211.10M,,2002-12,0.34,0.01,0.3674,0.35,,2002-12,0.335,,0.3621,0.345,385.21M,390.26M,0.1275,,2002-12,,
2002-09,1.577B,1.577B,656.73M,920.60M,460.67M,20.09M,9.33M,-0.348M,,,0.348M,490.44M,430.16M,,,-0.348M,,424.20M,147.98M,276.22M,,,,276.22M,276.45M,430.16M,,2002-09,0.715,0.00,0.7156,0.715,,2002-09,0.71,,0.7106,0.71,386.06M,388.92M,0.1275,,2002-09,,
2002-06,1.175B,1.175B,498.95M,676.32M,429.27M,22.86M,9.759M,9.346M,,,-9.346M,452.55M,223.77M,,,9.346M,,216.62M,81.23M,135.39M,2.38M,,,137.77M,129.55M,223.77M,,2002-06,0.35,0.005,0.3349,0.355,,2002-06,0.345,,0.3300,0.35,386.53M,390.10M,0.1275,,2002-06,,
2002-03,830.54M,830.54M,392.20M,438.34M,360.18M,23.21M,9.886M,7.141M,,,-7.141M,386.14M,52.20M,,,7.141M,,45.78M,17.17M,28.61M,0.589M,,,29.20M,24.15M,52.20M,,2002-03,0.075,0.00,0.0634,0.075,,2002-03,0.075,,0.0636,0.075,385.78M,389.93M,0.1275,,2002-03,,
2001-12,943.63M,943.63M,556.97M,386.66M,491.10M,,,-27.80M,,,27.80M,358.53M,28.14M,,,-27.80M,,19.52M,21.72M,-2.191M,,,,-2.845M,14.49M,28.14M,,2001-12,-0.005,0.00,0.0388,-0.005,,2001-12,-0.005,,0.0374,-0.005,381.11M,392.90M,0.1225,,2001-12,,
2001-09,1.535B,1.535B,558.12M,976.98M,439.48M,,,15.96M,,,-15.96M,574.01M,402.97M,,,15.96M,,389.41M,149.92M,239.49M,,,,239.49M,229.67M,402.97M,,2001-09,0.62,0.00,0.5947,0.62,,2001-09,0.61,,0.5849,0.61,387.78M,391.36M,0.1225,,2001-09,,
2001-06,1.149B,1.149B,481.82M,667.65M,382.13M,,,9.924M,,,-9.924M,477.60M,190.05M,,,9.924M,,174.03M,54.03M,120.00M,,,,120.00M,113.15M,190.05M,,2001-06,0.31,0.00,0.2924,0.31,,2001-06,0.305,,0.2876,0.305,389.14M,393.92M,0.1225,,2001-06,,
2001-03,846.40M,846.40M,412.46M,433.94M,321.57M,,,12.02M,,,,395.92M,38.01M,,,12.02M,,33.16M,12.76M,20.39M,,,,20.39M,13.00M,38.01M,,2001-03,0.055,0.00,0.0359,0.055,,2001-03,0.05,,0.0311,0.05,387.91M,391.93M,0.1225,,2001-03,,
2000-12,1.086B,1.086B,501.11M,585.25M,528.04M,,,5.637M,,,-5.637M,395.54M,189.71M,,,5.637M,,172.48M,66.40M,106.08M,,0.00,,106.08M,102.61M,189.71M,,2000-12,0.265,0.01,0.2561,0.275,,2000-12,0.255,,0.2461,0.27,387.89M,391.35M,0.1175,,2000-12,,
2000-09,1.394B,1.394B,524.84M,869.63M,384.40M,,,15.73M,,,-15.73M,504.00M,365.62M,,,15.73M,,350.59M,134.98M,215.61M,,,,215.61M,205.93M,365.62M,,2000-09,0.555,0.00,0.5301,0.555,,2000-09,0.55,,0.5254,0.55,388.98M,393.70M,0.1175,,2000-09,,
2000-06,1.016B,1.016B,423.67M,592.26M,329.39M,,,8.113M,,,,415.42M,176.84M,,,8.113M,,173.71M,66.88M,106.83M,,,,106.83M,101.84M,176.84M,,2000-06,0.28,0.00,0.2671,0.28,,2000-06,0.275,,0.2622,0.275,387.41M,390.88M,0.1175,,2000-06,,
2000-03,784.21M,784.21M,378.64M,405.57M,291.51M,,,25.04M,,,,350.70M,54.87M,,,25.04M,,70.56M,27.17M,43.40M,,-68.12M,,-24.73M,28.00M,54.87M,,2000-03,0.11,-0.065,0.0704,0.045,,2000-03,0.11,,0.0707,0.045,388.78M,392.21M,0.1175,,2000-03,,
1999-12,1.034B,1.034B,468.20M,565.80M,333.30M,,,47.60M,,,,406.10M,159.70M,,,47.60M,,197.70M,77.10M,120.60M,,,,120.60M,91.56M,159.70M,,1999-12,0.31,0.00,0.2355,0.31,,1999-12,0.305,,0.2310,0.305,389.84M,392.38M,0.1075,,1999-12,,
1999-09,1.318B,1.318B,508.70M,809.80M,378.20M,,,6.90M,,,,491.70M,318.10M,,,6.90M,,312.30M,121.80M,190.50M,,,,190.50M,186.29M,318.10M,,1999-09,0.485,0.00,0.4743,0.485,,1999-09,0.48,,0.4694,0.48,393.35M,397.84M,0.1075,,1999-09,,
1999-06,922.70M,922.70M,410.00M,512.70M,290.40M,,,4.80M,,,,359.60M,153.10M,,,4.80M,,147.60M,57.60M,90.00M,,,,90.00M,87.07M,153.10M,,1999-06,0.23,0.00,0.2225,0.23,,1999-06,0.225,,0.2177,0.225,391.30M,400.00M,0.1075,,1999-06,,
1999-03,716.50M,716.50M,351.10M,365.40M,267.60M,,,4.60M,,,,320.50M,44.90M,,,4.60M,,40.00M,15.60M,24.40M,,,,24.40M,21.59M,44.90M,,1999-03,0.06,0.00,0.0531,0.06,,1999-03,0.06,,0.0531,0.06,406.67M,406.67M,0.1075,,1999-03,,
1998-12,933.90M,933.90M,415.70M,518.20M,334.60M,,,7.80M,,,,399.00M,119.20M,,,7.80M,,117.80M,45.90M,71.90M,,,,71.90M,67.14M,119.20M,,1998-12,0.19,-0.005,0.1778,0.185,,1998-12,0.185,-0.0001,0.1731,0.18,389.40M,399.25M,0.0975,,1998-12,,
1998-09,1.206B,1.206B,497.10M,709.30M,340.10M,,,37.60M,,,,455.50M,253.80M,,,37.60M,,277.70M,108.30M,169.40M,,,,160.70M,146.46M,253.80M,,1998-09,0.43,-0.02,0.3715,0.41,,1998-09,0.425,-0.0222,0.3672,0.405,391.95M,396.79M,0.0988,,1998-09,,
1998-06,881.10M,881.10M,390.20M,490.90M,289.00M,,,6.50M,,,,356.80M,134.10M,,,6.50M,,127.60M,49.80M,77.80M,,,,77.80M,73.84M,134.10M,,1998-06,0.20,0.00,0.1898,0.20,,1998-06,0.195,,0.1851,0.195,389.00M,398.97M,0.0975,,1998-06,,
