,OperatingRevenue,Revenue,CostofGoodsSold,GrossProfit,SG&AExpense,AmortizationExpense,SpecialIncomeandCharges,OperatingInterestExpense,OperatingInterestIncome,NetOperatingInterestIncome,OtherOperatingExpenses,TotalOperatingExpenses,OperatingIncome,Non-OperatingInterestIncome,Non-OperatingInterestExpense,NetNon-OperatingInterestIncomeExpense,OtherIncomeandExpenses,NetInterestIncome,Pre-TaxIncome,ProvisionforIncomeTaxes,IncomefromContinuingOperations,IncomefromDiscontinuedOperations,"ExtraordinaryItems,IncomeStatement",IncomeAttributabletoMinorityInterest,NetIncome,ReconciledDepreciation,EBIT,,BasicEPS(Quarterly),EPSBasicfromContinuingOperations,EPSBasicfromTaxLossCarryforward,NormalizedBasicEPS,EPSBasic,,DilutedEPS(Quarterly),EPSDilutedfromExtraordinaries,EPSDilutedfromTaxLossCarryforward,NormalizedDilutedEPS,SharesData(Quarterly),AverageBasicSharesOutstanding,AverageDilutedSharesOutstanding,DividendPerShare,,SECFilingLinks,AsOriginallyReported,Restated
2020-09,4.463B,4.463B,3.152B,1.311B,817.00M,,-10.00M,66.00M,4.00M,-62.00M,,817.00M,494.00M,4.00M,66.00M,-62.00M,86.00M,-62.00M,518.00M,87.00M,431.00M,-1.00M,,-4.00M,426.00M,253.00M,584.00M,,2020-09,2.00,,2.039,2.00,,2020-09,,,2.029,2020-09,213.40M,215.10M,0.85,,2020-09,AOR,
2020-06,4.445B,4.445B,3.175B,1.27B,904.00M,,-70.00M,68.00M,3.00M,-65.00M,,904.00M,366.00M,3.00M,68.00M,-65.00M,35.00M,-65.00M,336.00M,58.00M,278.00M,0.00,,5.00M,283.00M,285.00M,404.00M,,2020-06,1.31,,1.578,1.31,,2020-06,,,1.566,2020-06,215.90M,217.80M,0.85,,2020-06,AOR,
2020-03,4.626B,4.626B,3.298B,1.328B,815.00M,,-324.00M,68.00M,5.00M,-63.00M,,815.00M,513.00M,5.00M,68.00M,-63.00M,-229.00M,-63.00M,221.00M,26.00M,195.00M,-1.00M,,23.00M,217.00M,230.00M,289.00M,,2020-03,1.00,,2.315,1.00,,2020-03,,,2.293,2020-03,217.30M,219.30M,0.85,,2020-03,AOR,
2019-09,4.431B,4.431B,3.242B,1.189B,999.00M,,229.00M,67.00M,9.00M,-58.00M,,999.00M,190.00M,9.00M,67.00M,-58.00M,308.00M,-58.00M,440.00M,5.00M,435.00M,0.00,,-6.00M,429.00M,201.00M,507.00M,,2019-09,1.93,,0.9129,1.93,,2019-09,,,0.8956,2019-09,222.60M,225.40M,0.75,,2019-09,AOR,
2019-06,1.865B,1.865B,1.223B,642.00M,349.00M,,,39.00M,0.00,-39.00M,,349.00M,293.00M,0.00,39.00M,-39.00M,48.00M,-39.00M,302.00M,33.00M,269.00M,-1.00M,,,268.00M,65.00M,341.00M,,2019-06,2.26,,2.26,2.26,,2019-06,,,2.21,2019-06,118.30M,121.10M,0.685,,2019-06,AOR,Restated
2019-03,1.728B,1.728B,1.139B,589.00M,310.00M,,,43.00M,1.00M,-42.00M,,310.00M,279.00M,1.00M,43.00M,-42.00M,46.00M,-42.00M,283.00M,40.00M,243.00M,0.00,,,243.00M,64.00M,326.00M,,2019-03,2.06,,2.06,2.06,,2019-03,,,2.02,2019-03,117.90M,120.30M,0.685,,2019-03,AOR,
2018-12,1.666B,1.666B,1.095B,571.00M,304.00M,,,43.00M,0.00,-43.00M,,304.00M,267.00M,0.00,43.00M,-43.00M,47.00M,-43.00M,271.00M,46.00M,225.00M,0.00,,,225.00M,64.00M,314.00M,,2018-12,1.91,,1.91,1.91,,2018-12,,,1.88,2018-12,117.70M,120.00M,0.685,,2018-12,AOR,
2018-09,1.542B,1.542B,1.01B,532.00M,279.00M,,,44.00M,1.00M,-43.00M,,279.00M,253.00M,1.00M,44.00M,-43.00M,47.00M,-43.00M,257.00M,41.00M,216.00M,-3.00M,,,213.00M,65.00M,301.00M,,2018-09,1.82,,1.82,1.81,,2018-09,,,1.78,2018-09,117.90M,120.60M,0.685,,2018-09,AOR,
2018-06,1.661B,1.661B,1.097B,564.00M,292.00M,,,46.00M,1.00M,-45.00M,,292.00M,272.00M,1.00M,46.00M,-45.00M,20.00M,-45.00M,247.00M,39.00M,208.00M,5.00M,,,213.00M,67.00M,293.00M,,2018-06,1.78,,1.78,1.83,,2018-06,,,1.74,2018-06,118.30M,121.10M,0.57,,2018-06,AOR,Restated
2018-03,1.562B,1.562B,1.028B,534.00M,331.00M,,,41.00M,0.00,-41.00M,,331.00M,203.00M,0.00,41.00M,-41.00M,46.00M,-41.00M,208.00M,10.00M,198.00M,-2.00M,,,196.00M,62.00M,249.00M,,2018-03,1.66,,1.66,1.65,,2018-03,,,1.63,2018-03,118.40M,121.00M,0.57,,2018-03,AOR,Restated
2017-12,1.535B,1.535B,1.022B,513.00M,291.00M,,,42.00M,1.00M,-41.00M,,291.00M,222.00M,1.00M,42.00M,-41.00M,44.00M,-41.00M,225.00M,94.00M,131.00M,0.00,,,131.00M,65.00M,267.00M,,2017-12,1.10,,1.10,1.10,,2017-12,,,1.08,2017-12,118.50M,120.90M,0.57,,2017-12,AOR,Restated
2017-09,1.41B,1.41B,919.00M,491.00M,268.00M,,,41.00M,0.00,-41.00M,,268.00M,223.00M,0.00,41.00M,-41.00M,46.00M,-41.00M,228.00M,63.00M,165.00M,-6.00M,,,159.00M,65.00M,269.00M,,2017-09,1.39,,1.39,1.33,,2017-09,,,1.36,2017-09,119.10M,121.20M,0.57,,2017-09,AOR,Restated
2017-06,1.539B,1.539B,1.079B,460.00M,365.00M,,,42.00M,1.00M,-41.00M,,365.00M,95.00M,1.00M,42.00M,-41.00M,164.00M,-41.00M,218.00M,62.00M,156.00M,-35.00M,,,121.00M,72.00M,260.00M,,2017-06,1.37,,1.37,1.09,,2017-06,,,1.35,2017-06,120.50M,122.20M,0.53,,2017-06,AOR,Restated
2017-03,1.489B,1.489B,958.00M,531.00M,256.00M,,,42.00M,0.00,-42.00M,,256.00M,275.00M,0.00,42.00M,-42.00M,,-42.00M,233.00M,69.00M,164.00M,-79.00M,,,85.00M,72.00M,275.00M,,2017-03,1.33,,1.33,0.70,,2017-03,,,1.31,2017-03,122.60M,124.50M,0.53,,2017-03,AOR,Restated
2016-12,1.449B,1.449B,920.00M,529.00M,252.00M,,,44.00M,1.00M,-43.00M,,252.00M,277.00M,1.00M,44.00M,-43.00M,1.00M,-43.00M,235.00M,72.00M,163.00M,14.00M,,,177.00M,81.00M,279.00M,,2016-12,1.32,,1.32,1.42,,2016-12,,,1.30,2016-12,123.70M,125.40M,0.53,,2016-12,AOR,Restated
2016-09,1.42B,1.42B,897.00M,523.00M,277.00M,,,44.00M,,-44.00M,,277.00M,246.00M,,44.00M,-44.00M,1.00M,-44.00M,203.00M,58.00M,145.00M,15.00M,,,160.00M,86.00M,247.00M,,2016-09,1.17,,1.17,1.29,,2016-09,,,1.16,2016-09,123.90M,125.50M,0.53,,2016-09,AOR,Restated
2016-06,1.533B,1.533B,937.00M,596.00M,346.00M,,,44.00M,1.00M,-43.00M,,346.00M,250.00M,1.00M,44.00M,-43.00M,,-43.00M,217.00M,75.00M,142.00M,18.00M,,,160.00M,99.00M,261.00M,,2016-06,1.30,,1.30,1.29,,2016-06,,,1.29,2016-06,124.10M,125.60M,0.50,,2016-06,AOR,Restated
2016-03,1.55B,1.55B,1.009B,541.00M,273.00M,,,46.00M,0.00,-46.00M,,273.00M,268.00M,0.00,46.00M,-46.00M,-1.00M,-46.00M,221.00M,62.00M,159.00M,9.00M,,,168.00M,82.00M,267.00M,,2016-03,1.27,,1.27,1.35,,2016-03,,,1.26,2016-03,124.00M,125.10M,0.50,,2016-03,AOR,Restated
2015-12,1.748B,1.748B,1.203B,545.00M,217.00M,,,46.00M,0.00,-46.00M,,217.00M,328.00M,0.00,46.00M,-46.00M,,-46.00M,282.00M,85.00M,197.00M,-349.00M,,,-152.00M,86.00M,328.00M,,2015-12,1.59,,1.59,-1.23,,2015-12,,,1.577,2015-12,123.80M,124.90M,0.50,,2015-12,AOR,Restated
2015-09,1.811B,1.811B,1.22B,591.00M,329.00M,,,48.00M,1.00M,-47.00M,,329.00M,262.00M,1.00M,48.00M,-47.00M,1.00M,-47.00M,216.00M,68.00M,148.00M,,,,148.00M,94.00M,264.00M,,2015-09,1.20,,1.20,1.20,,2015-09,,,1.18,2015-09,123.50M,124.70M,0.50,,2015-09,AOR,Restated
2015-06,337.00M,337.00M,46.00M,291.00M,280.00M,,-109.00M,51.00M,0.00,-51.00M,,280.00M,11.00M,0.00,51.00M,-51.00M,,-51.00M,-148.00M,-45.00M,-103.00M,47.00M,,,-56.00M,80.00M,-97.00M,,2015-06,-0.51,,0.1765,-0.51,,2015-06,,,0.1697,2015-06,110.50M,111.60M,0.47,,2015-06,AOR,Restated
2015-03,1.187B,1.187B,754.00M,433.00M,220.00M,,0.00,34.00M,0.00,-34.00M,,220.00M,213.00M,0.00,34.00M,-34.00M,,-34.00M,179.00M,53.00M,126.00M,0.00,,,126.00M,60.00M,213.00M,,2015-03,1.21,,1.21,1.21,,2015-03,,,1.20,2015-03,103.70M,104.80M,0.47,,2015-03,AOR,Restated
2014-12,1.206B,1.206B,808.00M,398.00M,188.00M,,0.00,22.00M,1.00M,-21.00M,,188.00M,210.00M,1.00M,22.00M,-21.00M,,-21.00M,189.00M,50.00M,139.00M,0.00,,,139.00M,53.00M,211.00M,,2014-12,1.34,,1.34,1.34,,2014-12,,,1.325,2014-12,103.90M,104.90M,0.47,,2014-12,AOR,Restated
2014-09,1.155B,1.155B,762.00M,393.00M,195.00M,,,23.00M,1.00M,-22.00M,,195.00M,198.00M,1.00M,23.00M,-22.00M,,-22.00M,176.00M,51.00M,125.00M,,,,125.00M,51.00M,199.00M,,2014-09,1.19,,1.19,1.19,,2014-09,,,1.18,2014-09,104.60M,105.80M,0.47,,2014-09,AOR,Restated
2014-06,1.329B,1.329B,899.10M,430.30M,204.30M,,,23.40M,1.00M,-22.40M,,204.30M,226.00M,1.00M,23.40M,-22.40M,-0.70M,-22.40M,202.90M,65.50M,137.40M,-6.40M,,0.60M,131.60M,55.40M,226.30M,,2014-06,1.30,,1.30,1.23,,2014-06,,,1.28,2014-06,105.50M,107.00M,0.42,,2014-06,AOR,Restated
2014-03,1.268B,1.268B,841.00M,426.50M,203.20M,,,23.20M,0.70M,-22.50M,,203.20M,223.30M,0.70M,23.20M,-22.50M,0.20M,-22.50M,201.00M,63.90M,137.10M,4.10M,,0.20M,141.40M,48.20M,224.20M,,2014-03,1.28,,1.28,1.32,,2014-03,,,1.27,2014-03,106.20M,107.40M,0.42,,2014-03,AOR,Restated
2013-12,1.223B,1.223B,795.40M,427.80M,204.70M,,,23.70M,0.70M,-23.00M,,204.70M,223.10M,0.70M,23.70M,-23.00M,3.20M,-23.00M,203.30M,66.20M,137.10M,-1.00M,,0.10M,136.20M,50.40M,227.00M,,2013-12,1.28,,1.28,1.27,,2013-12,,,1.27,2013-12,106.30M,107.30M,0.42,,2013-12,AOR,Restated
2013-09,1.192B,1.192B,774.50M,417.40M,207.80M,,,23.70M,0.60M,-23.10M,,207.80M,209.60M,0.60M,23.70M,-23.10M,1.30M,-23.10M,187.80M,60.40M,127.40M,-1.70M,,0.10M,125.80M,50.00M,211.50M,,2013-09,1.19,,1.19,1.17,,2013-09,,,1.18,2013-09,106.40M,107.30M,0.42,,2013-09,AOR,Restated
2013-06,1.360B,1.360B,887.80M,472.10M,300.20M,,,25.90M,0.20M,-25.70M,,300.20M,171.90M,0.20M,25.90M,-25.70M,-39.40M,-25.70M,106.80M,36.20M,70.60M,-14.70M,,-0.40M,55.50M,56.70M,132.70M,,2013-06,0.65,,0.65,0.51,,2013-06,,,0.65,2013-06,107.50M,108.50M,0.37,,2013-06,AOR,Restated
2013-03,1.204B,1.204B,803.50M,400.20M,202.50M,,,27.60M,0.80M,-26.80M,,202.50M,197.70M,0.80M,27.60M,-26.80M,-0.50M,-26.80M,170.40M,45.80M,124.60M,-30.30M,,0.50M,94.80M,54.10M,198.00M,,2013-03,1.12,,1.12,0.85,,2013-03,,,1.12,2013-03,110.60M,111.20M,0.37,,2013-03,AOR,Restated
2012-12,1.287B,1.287B,845.40M,441.50M,213.10M,,,27.60M,0.50M,-27.10M,,213.10M,228.40M,0.50M,27.60M,-27.10M,-1.10M,-27.10M,200.20M,61.70M,138.50M,-93.70M,,3.70M,48.50M,55.40M,227.80M,,2012-12,1.26,,1.26,0.43,,2012-12,,,1.25,2012-12,112.30M,112.90M,0.37,,2012-12,AOR,Restated
2012-09,1.262B,1.262B,848.30M,413.20M,198.20M,,,27.90M,0.50M,-27.40M,,198.20M,215.00M,0.50M,27.90M,-27.40M,,-27.40M,187.60M,59.30M,128.30M,-214.30M,,0.20M,-85.80M,54.80M,215.50M,,2012-09,1.15,,1.15,-0.77,,2012-09,,,1.141,2012-09,111.90M,112.60M,0.37,,2012-09,AOR,Restated
2012-06,1.436B,1.436B,939.60M,496.60M,253.20M,,,27.30M,0.20M,-27.10M,,253.20M,243.40M,0.20M,27.30M,-27.10M,-0.20M,-27.10M,216.10M,80.00M,136.10M,-7.60M,,0.60M,129.10M,66.30M,243.40M,,2012-06,1.20,,1.20,1.14,,2012-06,,,1.20,2012-06,112.10M,112.70M,0.33,,2012-06,AOR,Restated
2012-03,1.369B,1.369B,879.80M,489.00M,242.00M,,,28.70M,1.20M,-27.50M,,242.00M,247.00M,1.20M,28.70M,-27.50M,8.10M,-27.50M,227.60M,73.20M,154.40M,-508.50M,,0.90M,-353.20M,64.70M,256.30M,,2012-03,1.38,,1.38,-3.15,,2012-03,,,1.376,2012-03,112.30M,112.90M,0.33,,2012-03,AOR,Restated
2011-12,1.310B,1.310B,856.00M,454.20M,222.30M,,,29.10M,0.20M,-28.90M,,222.30M,231.90M,0.20M,29.10M,-28.90M,2.90M,-28.90M,205.90M,71.10M,134.80M,-2.50M,,0.80M,133.10M,66.00M,235.00M,,2011-12,1.19,,1.19,1.17,,2011-12,,,1.18,2011-12,112.40M,112.80M,0.28,,2011-12,AOR,Restated
2011-09,1.336B,1.336B,893.90M,442.20M,223.40M,,,28.10M,0.90M,-27.20M,,223.40M,218.80M,0.90M,28.10M,-27.20M,0.70M,-27.20M,192.30M,61.70M,130.60M,-9.50M,,0.50M,121.60M,63.30M,220.40M,,2011-09,1.09,,1.09,1.01,,2011-09,,,1.09,2011-09,118.80M,119.40M,0.28,,2011-09,AOR,Restated
2011-06,1.163B,1.163B,816.40M,346.60M,106.80M,,0.90M,24.00M,0.50M,-23.50M,,106.80M,239.80M,0.50M,24.00M,-23.50M,-0.30M,-23.50M,216.00M,78.70M,137.30M,-4.40M,,0.60M,133.50M,63.50M,240.00M,,2011-06,1.11,,1.105,1.06,,2011-06,,,1.095,2011-06,123.50M,124.50M,0.25,,2011-06,AOR,Restated
2011-03,1.413B,1.413B,896.60M,516.20M,281.00M,,-0.30M,27.10M,1.30M,-25.80M,,281.00M,235.20M,1.30M,27.10M,-25.80M,-0.30M,-25.80M,209.10M,67.50M,141.60M,-2.40M,,0.30M,139.50M,52.30M,236.20M,,2011-03,1.12,,1.122,1.10,,2011-03,,,1.112,2011-03,125.00M,126.00M,0.25,,2011-03,AOR,Restated
2010-12,1.438B,1.438B,940.50M,498.00M,255.20M,,-0.90M,20.40M,0.40M,-20.00M,,255.20M,242.80M,0.40M,20.40M,-20.00M,-0.90M,-20.00M,221.90M,70.80M,151.10M,,,0.00,151.10M,49.40M,242.30M,,2010-12,1.19,,1.195,1.19,,2010-12,,,1.185,2010-12,125.90M,126.80M,0.25,,2010-12,AOR,Restated
2010-09,1.405B,1.405B,881.10M,524.30M,255.20M,,-0.40M,17.80M,0.60M,-17.20M,,255.20M,269.10M,0.60M,17.80M,-17.20M,-0.40M,-17.20M,251.50M,87.60M,163.90M,,,0.00,163.90M,46.80M,269.30M,,2010-09,1.28,,1.282,1.28,,2010-09,,,1.272,2010-09,126.80M,127.70M,0.25,,2010-09,AOR,Restated
2010-06,974.80M,974.80M,642.20M,332.60M,50.40M,,0.70M,17.60M,0.40M,-17.20M,,50.40M,282.20M,0.40M,17.60M,-17.20M,-0.90M,-17.20M,264.10M,93.30M,170.80M,,,0.00,151.40M,44.70M,281.70M,,2010-06,1.33,,1.326,1.18,,2010-06,,,1.306,2010-06,126.60M,127.90M,0.22,,2010-06,AOR,Restated
2010-03,1.330B,1.330B,820.00M,509.50M,245.00M,,-0.50M,18.10M,0.40M,-17.70M,,245.00M,264.50M,0.40M,18.10M,-17.70M,-0.50M,-17.70M,246.30M,80.10M,166.20M,,,0.00,166.20M,40.20M,264.40M,,2010-03,1.27,,1.273,1.27,,2010-03,,,1.263,2010-03,128.80M,130.00M,0.22,,2010-03,AOR,Restated
2009-12,1.218B,1.218B,778.60M,439.10M,215.70M,,,18.20M,0.30M,-17.90M,,215.70M,223.40M,0.30M,18.20M,-17.90M,-0.30M,-17.90M,205.20M,65.70M,139.50M,,,,139.50M,38.70M,223.40M,,2009-12,1.07,,1.07,1.07,,2009-12,,,1.06,2009-12,129.80M,130.80M,0.22,,2009-12,AOR,Restated
2009-09,1.203B,1.203B,812.10M,390.90M,,,-0.20M,18.20M,0.40M,-17.80M,,212.10M,178.80M,0.40M,18.20M,-17.80M,-0.20M,-17.80M,160.80M,56.30M,104.50M,,,,104.50M,42.10M,179.00M,,2009-09,0.79,,0.7910,0.79,,2009-09,,,0.7910,2009-09,130.80M,131.40M,0.22,,2009-09,AOR,Restated
2009-06,1.294B,1.294B,889.70M,404.40M,,,-256.40M,14.00M,0.60M,-13.40M,,221.50M,182.90M,0.60M,14.00M,-13.40M,-256.40M,-13.40M,-86.90M,-3.40M,-83.50M,-80.30M,,7.40M,-156.40M,50.20M,-72.90M,,2009-06,-0.62,,1.285,-1.18,,2009-06,,,1.256,2009-06,129.30M,130.60M,0.20,,2009-06,AOR,Restated
2009-03,1.205B,1.205B,813.30M,391.80M,,,6.60M,12.60M,0.70M,-11.90M,,188.40M,203.40M,0.70M,12.60M,-11.90M,6.60M,-11.90M,198.10M,62.20M,135.90M,-38.40M,,16.70M,114.20M,41.80M,210.70M,,2009-03,1.02,,0.9859,0.86,,2009-03,,,0.9860,2009-03,132.70M,133.10M,0.20,,2009-03,AOR,Restated
2008-12,1.333B,1.333B,925.30M,407.90M,,,-0.70M,13.80M,0.90M,-12.90M,,191.80M,216.10M,0.90M,13.80M,-12.90M,-0.70M,-12.90M,202.50M,61.90M,140.60M,-317.00M,,137.80M,-38.60M,43.20M,216.30M,,2008-12,1.06,,1.064,-0.29,,2008-12,,,1.064,2008-12,133.30M,133.30M,0.20,,2008-12,,Restated
2008-09,1.173B,1.173B,791.90M,380.70M,,,-8.10M,12.40M,1.00M,-11.40M,,189.60M,191.10M,1.00M,12.40M,-11.40M,-8.10M,-11.40M,171.60M,52.20M,119.40M,-1.30M,,0.60M,118.70M,42.50M,184.00M,,2008-09,0.89,,0.9321,0.89,,2008-09,,,0.9318,2008-09,134.00M,134.70M,0.20,,2008-09,,Restated
2008-06,718.30M,718.30M,453.90M,264.40M,62.90M,,2.70M,10.30M,-0.30M,-10.60M,,62.90M,201.50M,-0.30M,10.30M,-10.60M,2.70M,-10.60M,193.60M,65.00M,128.60M,,,,121.70M,46.40M,203.90M,,2008-06,0.98,,0.9666,0.91,,2008-06,,,0.9667,2008-06,133.60M,135.30M,0.15,,2008-06,,Restated
2008-03,1.330B,1.330B,933.90M,395.70M,236.40M,,2.80M,13.90M,1.90M,-12.00M,,236.40M,159.30M,1.90M,13.90M,-12.00M,2.80M,-12.00M,150.10M,38.90M,111.20M,,,-3.20M,108.00M,41.60M,164.00M,,2008-03,0.80,,0.7846,0.80,,2008-03,,,0.7648,2008-03,134.60M,136.20M,0.15,,2008-03,,Restated
2007-12,1.318B,1.318B,908.20M,409.50M,230.30M,,4.30M,,,,,230.30M,179.20M,,,,4.20M,,171.20M,57.30M,114.30M,,,0.40M,114.30M,42.30M,179.20M,,2007-12,0.84,,0.8189,0.84,,2007-12,,,0.8092,2007-12,135.70M,137.60M,0.15,,2007-12,,
2007-09,1.230B,1.230B,849.60M,380.90M,216.90M,,1.70M,,,,,216.90M,164.00M,,,,1.70M,,152.60M,52.80M,100.20M,,,0.40M,100.20M,41.90M,164.00M,,2007-09,0.76,,0.7516,0.76,,2007-09,,,0.7219,2007-09,132.60M,137.90M,0.15,,2007-09,,
2007-06,1.208B,1.208B,827.40M,380.20M,238.40M,,-0.40M,,,,,238.40M,141.80M,,,,-0.30M,,134.50M,50.80M,87.60M,,,3.90M,87.60M,46.10M,141.80M,,2007-06,0.68,,0.6819,0.68,,2007-06,,,0.6418,2007-06,130.37M,135.13M,0.11,,2007-06,,
2007-03,1.072B,1.072B,719.10M,353.30M,241.50M,,166.20M,,,,,241.50M,111.80M,,,,166.20M,,272.10M,63.80M,214.90M,,,6.60M,214.90M,34.30M,111.80M,,2007-03,1.62,,0.6634,1.62,,2007-03,,,0.6221,2007-03,133.00M,141.70M,0.11,,2007-03,,
2006-12,1.016B,1.016B,683.70M,332.50M,181.40M,,-0.20M,,,,,181.40M,151.10M,,,,-0.20M,,143.60M,49.60M,94.00M,,,,94.00M,27.50M,151.10M,,2006-12,0.71,,0.7110,0.71,,2006-12,,,0.6709,2006-12,132.90M,141.60M,0.11,,2006-12,,
2006-09,946.80M,946.80M,640.90M,305.90M,169.40M,,-18.50M,,,,,169.40M,136.50M,,,,-18.50M,,110.60M,26.70M,83.90M,,,,83.90M,27.30M,136.50M,,2006-09,0.63,,0.7356,0.63,,2006-09,,,0.6990,2006-09,132.90M,141.70M,0.11,,2006-09,,
2006-06,992.40M,992.40M,664.50M,327.90M,192.00M,,-0.40M,,,,,192.00M,135.90M,,,,-0.40M,,128.90M,43.80M,85.10M,,,,85.10M,28.80M,135.90M,,2006-06,0.64,,0.6420,0.64,,2006-06,,,0.6119,2006-06,133.20M,141.60M,0.08,,2006-06,,
2006-03,881.10M,881.10M,584.20M,296.90M,177.80M,,,,,,,177.80M,119.10M,,,,,,111.30M,38.80M,72.50M,,,,72.50M,25.10M,119.10M,,2006-03,0.54,,0.54,0.54,,2006-03,,,0.52,2006-03,133.20M,142.00M,0.08,,2006-03,,
2005-12,841.60M,841.60M,605.60M,236.00M,167.70M,,-0.20M,,,,,167.70M,68.30M,,,,-0.20M,,61.00M,31.00M,30.00M,,,,30.00M,24.30M,68.30M,,2005-12,0.23,,0.2309,0.23,,2005-12,,,0.2208,2005-12,132.90M,141.70M,0.08,,2005-12,,
2005-09,759.70M,759.70M,536.60M,223.10M,139.70M,,-0.50M,,,,,139.70M,83.40M,,,,-0.60M,,79.60M,29.30M,50.30M,,,,50.30M,20.20M,83.40M,,2005-09,0.38,,0.3824,0.38,,2005-09,,,0.3622,2005-09,132.50M,141.10M,0.08,,2005-09,,
2005-06,821.90M,821.90M,585.10M,236.80M,141.40M,,-0.10M,,,,,141.40M,95.40M,,,,-0.10M,,91.40M,30.20M,61.20M,,,,61.20M,22.50M,95.40M,,2005-06,0.46,,0.4605,0.46,,2005-06,,,0.4405,2005-06,134.01M,134.01M,0.06,,2005-06,,
2005-03,772.10M,772.10M,547.40M,224.70M,136.00M,,-1.00M,,,,,136.00M,88.70M,,,,-1.00M,,83.20M,27.40M,55.80M,,,,55.80M,20.60M,88.70M,,2005-03,0.42,,0.4250,0.42,,2005-03,,,0.4047,2005-03,132.80M,141.40M,0.06,,2005-03,,
2004-12,737.20M,737.20M,540.20M,197.00M,124.20M,,-3.50M,,,,,124.20M,72.80M,,,,-3.50M,,64.90M,19.80M,45.10M,,,,45.10M,24.80M,72.80M,,2004-12,0.34,,0.3583,0.34,,2004-12,,,0.3472,2004-12,132.90M,141.70M,0.06,,2004-12,,
2004-09,669.40M,669.40M,504.10M,165.30M,101.00M,,-1.70M,,,,,101.00M,64.30M,,,,-1.70M,,58.90M,18.80M,40.10M,,,,40.10M,14.70M,64.30M,,2004-09,0.30,,0.3087,0.30,,2004-09,,,0.2982,2004-09,132.50M,140.80M,0.06,,2004-09,,
2004-06,722.80M,722.80M,541.50M,181.30M,124.80M,,-3.60M,,,,,124.80M,56.50M,,,,-3.60M,,48.70M,15.60M,33.10M,5.10M,,,38.20M,19.70M,56.50M,,2004-06,0.25,,0.2683,0.29,,2004-06,,,0.2583,2004-06,133.70M,133.70M,0.05,,2004-06,,
2004-03,654.00M,654.00M,492.70M,161.30M,103.60M,,-1.40M,,,,,103.60M,57.70M,,,,-1.40M,,52.00M,16.60M,35.40M,0.10M,,,35.50M,13.30M,57.70M,,2004-03,0.27,,0.2772,0.27,,2004-03,,,0.2671,2004-03,132.40M,134.20M,0.05,,2004-03,,
2003-12,593.90M,593.90M,440.40M,153.50M,101.00M,,-6.00M,,,,,101.00M,52.50M,,,,-6.00M,,41.70M,10.00M,31.70M,1.40M,,,33.10M,13.70M,52.50M,,2003-12,0.24,,0.2744,0.25,,2003-12,,,0.2625,2003-12,132.60M,140.20M,0.05,,2003-12,,
2003-09,547.90M,547.90M,413.70M,134.20M,91.60M,,,,,,,91.60M,42.60M,,,,,,37.60M,12.10M,25.50M,0.50M,,,26.00M,13.40M,42.60M,,2003-09,0.19,,0.19,0.195,,2003-09,,,0.19,2003-09,132.60M,139.80M,0.05,,2003-09,,
2003-06,547.60M,547.60M,414.30M,133.30M,110.80M,,1.60M,,,,,110.80M,22.50M,,,,1.60M,,19.10M,7.60M,11.50M,,,,0.70M,15.60M,22.50M,,2003-06,0.085,,0.0777,0.005,,2003-06,,,0.0777,2003-06,131.69M,131.69M,0.04,,2003-06,,
2003-03,538.90M,538.90M,404.90M,134.00M,97.60M,,2.80M,,,,,97.60M,36.40M,,,,2.80M,,34.20M,11.60M,22.60M,,,,22.60M,14.60M,36.40M,,2003-03,0.17,,0.1560,0.17,,2003-03,,,0.1561,2003-03,132.40M,132.80M,0.04,,2003-03,,
2002-12,523.90M,523.90M,388.70M,135.20M,108.90M,,3.10M,,,,,108.90M,26.30M,,,,3.10M,,24.70M,8.40M,16.30M,,,,16.30M,12.70M,26.30M,,2002-12,0.125,,0.1095,0.125,,2002-12,,,0.1096,2002-12,132.40M,132.60M,0.04,,2002-12,,
2002-09,450.20M,450.20M,335.30M,114.90M,96.80M,,16.20M,,,,,96.80M,18.10M,,,,16.20M,,30.20M,10.30M,19.90M,,,,19.90M,13.50M,18.10M,,2002-09,0.15,,0.0694,0.15,,2002-09,,,0.0699,2002-09,132.40M,133.20M,0.04,,2002-09,,
2002-06,457.60M,457.60M,334.50M,123.10M,81.90M,,7.70M,,,,,81.90M,41.20M,,,,7.70M,,46.90M,15.90M,31.00M,,,,26.60M,14.90M,41.20M,,2002-06,0.2307,,0.1921,0.1975,,2002-06,,,0.1932,2002-06,131.80M,135.70M,0.025,,2002-06,,
2002-03,483.30M,483.30M,354.30M,129.00M,99.30M,,7.60M,,,,,99.30M,29.70M,,,,7.60M,,34.10M,11.60M,22.50M,,,,22.50M,13.80M,29.70M,,2002-03,0.17,,0.1320,0.17,,2002-03,,,0.1322,2002-03,132.00M,132.60M,0.025,,2002-03,,
2001-12,451.50M,451.50M,333.80M,117.70M,97.50M,,7.80M,,,,-7.80M,89.70M,28.00M,,,,7.80M,,24.80M,8.40M,16.40M,,,,16.40M,12.80M,28.00M,,2001-12,0.125,,0.0859,0.125,,2001-12,,,0.0861,2001-12,131.80M,132.60M,0.025,,2001-12,,
2001-09,443.40M,443.40M,330.80M,112.60M,99.60M,,17.90M,,,,-17.90M,81.70M,30.90M,,,,17.90M,,25.90M,8.80M,17.10M,,,,17.10M,13.60M,30.90M,,2001-09,0.13,,0.0401,0.13,,2001-09,,,0.0405,2001-09,131.40M,132.00M,0.025,,2001-09,,
2001-06,528.50M,528.50M,380.40M,148.10M,113.10M,6.00M,20.60M,,,,-20.60M,98.50M,49.60M,,,,20.60M,,44.70M,15.60M,29.10M,,,,29.10M,21.20M,49.60M,,2001-06,0.22,,0.1196,0.22,,2001-06,,,0.1196,2001-06,133.60M,133.60M,0.025,,2001-06,,
2001-03,479.30M,479.30M,352.60M,126.70M,104.80M,6.00M,7.60M,,,,-7.60M,103.20M,23.50M,,,,7.60M,,17.00M,5.90M,11.10M,,,,11.10M,21.00M,23.50M,,2001-03,0.085,,0.0472,0.085,,2001-03,,,0.0473,2001-03,131.40M,131.60M,0.025,,2001-03,,
2000-12,486.90M,486.90M,362.50M,124.40M,95.70M,5.70M,7.90M,,,,-7.90M,93.50M,30.90M,,,,7.90M,,24.60M,8.60M,16.00M,,,,16.00M,20.10M,30.90M,,2000-12,0.12,,0.0813,0.12,,2000-12,,,0.0814,2000-12,132.80M,133.20M,0.025,,2000-12,,
2000-09,460.40M,460.40M,335.60M,124.80M,100.80M,4.50M,-29.60M,,,,-43.90M,61.40M,63.40M,,,,-29.60M,,-13.90M,20.90M,-34.80M,,,,-34.80M,17.40M,63.40M,,2000-09,-0.255,,-0.1250,-0.255,,2000-09,,,-0.1250,2000-09,136.60M,136.60M,0.025,,2000-09,,
2000-06,512.40M,512.40M,367.70M,144.70M,120.60M,,18.10M,,,,,138.70M,6.00M,,,,18.10M,,25.30M,8.90M,16.40M,0.00,,,16.40M,18.10M,6.00M,,2000-06,0.1263,,0.0475,0.1205,,2000-06,,,-0.0487,2000-06,149.00M,149.00M,0.025,,2000-06,,
2000-03,455.20M,455.20M,327.60M,127.60M,108.30M,,-22.10M,,,,,127.10M,0.50M,,,,-22.10M,,-22.10M,-7.80M,-14.30M,,,,-14.30M,18.80M,0.50M,,2000-03,-0.105,,-0.0012,-0.105,,2000-03,,,-0.0012,2000-03,137.80M,137.80M,0.025,,2000-03,,
1999-12,441.00M,441.00M,313.40M,127.60M,96.50M,,3.80M,,,,,112.30M,15.30M,,,,3.80M,,21.00M,7.40M,13.60M,1.00M,,,14.60M,15.80M,15.30M,,1999-12,0.09,,0.0736,0.095,,1999-12,,,0.0736,1999-12,150.00M,150.20M,0.025,,1999-12,,
1999-09,398.80M,398.80M,283.60M,115.20M,92.00M,,7.40M,,,,,107.90M,7.30M,,,,7.40M,,14.30M,5.00M,9.30M,-8.00M,,,1.30M,15.90M,7.30M,,1999-09,0.03,,-0.0004,0.005,,1999-09,,,-0.0004,1999-09,158.11M,158.11M,0.12,,1999-09,,
1999-06,468.00M,468.00M,332.60M,135.40M,114.90M,,-1.10M,,,,,130.60M,4.80M,,,,-1.10M,,4.80M,1.70M,3.10M,-63.40M,,,-69.50M,15.70M,4.80M,,1999-06,-0.455,,-0.4505,-0.435,,1999-06,,,-0.4505,1999-06,156.37M,156.37M,0.12,,1999-06,,
1999-03,445.40M,445.40M,327.30M,118.10M,86.30M,,4.30M,,,,,87.40M,30.70M,,,,4.30M,,34.70M,12.50M,22.20M,19.20M,,,41.40M,16.20M,30.70M,,1999-03,0.14,,0.1227,0.26,,1999-03,,,0.1227,1999-03,159.23M,159.23M,0.12,,1999-03,,
1998-12,417.50M,417.50M,281.00M,136.50M,98.70M,,5.10M,,,,,114.60M,21.90M,,,,5.10M,,27.20M,9.80M,17.40M,35.40M,,,52.80M,16.40M,21.90M,,1998-12,0.11,,0.0896,0.33,,1998-12,,,0.0896,1998-12,160.00M,160.00M,0.12,,1998-12,,
1998-09,412.60M,412.60M,287.40M,125.20M,86.50M,,-14.70M,,,,,101.70M,23.50M,,,,-14.70M,,11.30M,4.10M,7.20M,21.20M,,,28.40M,15.20M,23.50M,,1998-09,0.045,,0.1044,0.18,,1998-09,,,0.1044,1998-09,157.78M,157.78M,0.12,,1998-09,,
1998-06,-986.40M,-986.40M,-387.70M,-598.70M,-321.80M,,-4.00M,,,,,-414.90M,-183.80M,,,,-4.00M,,-133.00M,-43.20M,-89.80M,,,,-23.20M,-93.10M,-183.80M,,1998-06,-0.57,,-0.5531,-0.15,,1998-06,,,-0.5534,1998-06,160.00M,162.80M,0.11,,1998-06,,
1998-03,961.60M,961.60M,569.80M,391.80M,246.00M,,22.60M,,,,,303.70M,88.10M,,,,22.60M,,90.80M,30.90M,59.90M,,,,59.90M,57.70M,88.10M,,1998-03,0.38,,0.2854,0.38,,1998-03,,,0.2817,1998-03,157.63M,159.73M,0.11,,1998-03,,
