,OperatingRevenue,Revenue,CostofGoodsSold,GrossProfit,SG&AExpense,SpecialIncomeandCharges,OperatingInterestExpense,OperatingInterestIncome,NetOperatingInterestIncome,OtherOperatingExpenses,TotalOperatingExpenses,OperatingIncome,Non-OperatingInterestIncome,Non-OperatingInterestExpense,NetNon-OperatingInterestIncomeExpense,OtherIncomeandExpenses,NetInterestIncome,Pre-TaxIncome,ProvisionforIncomeTaxes,IncomefromContinuingOperations,IncomefromDiscontinuedOperations,"ExtraordinaryItems,IncomeStatement",IncomeAttributabletoMinorityInterest,NetIncome,NormalizedIncome,EBIT,,BasicEPS(Quarterly),EPSBasicfromContinuingOperations,EPSBasicfromDiscontinuedOperations,EPSBasic,,DilutedEPS(Quarterly),EPSDilutedfromContinuingOperations,EPSDilutedfromDiscontinuedOperations,EPSDiluted,,SharesData(Quarterly),DividendPerShare,,SECFilingLinks,AsOriginallyReported,Restated
2020-09,2.813B,2.819B,2.314B,505.01M,74.45M,81.00M,30.59M,1.011M,-29.58M,332.50M,532.23M,-27.22M,1.011M,30.59M,-29.58M,84.71M,-29.58M,27.92M,4.573M,23.34M,,,-25.75M,-2.401M,-70.98M,58.51M,,2020-09,-0.01,,-0.01,,2020-09,-0.01,,-0.01,,2020-09,0.35,,2020-09,AOR,
2020-06,2.053B,2.063B,1.307B,755.84M,75.37M,-436.91M,32.70M,1.506M,-31.19M,303.36M,508.91M,246.93M,1.506M,32.70M,-31.19M,-397.06M,-31.19M,-181.32M,-30.91M,-150.41M,,,-26.27M,-176.68M,184.06M,-148.62M,,2020-06,-1.09,,-1.09,,2020-06,-1.09,,-1.09,,2020-06,0.35,,2020-06,AOR,
2020-03,3.377B,3.401B,3.254B,146.36M,87.74M,-25.92M,22.64M,4.073M,-18.57M,328.34M,556.66M,-410.30M,4.073M,22.64M,-18.57M,-26.58M,-18.57M,-455.45M,-162.17M,-293.29M,,,-11.34M,-304.62M,-285.21M,-432.81M,,2020-03,-1.88,,-1.88,,2020-03,-1.88,,-1.88,,2020-03,0.35,,2020-03,AOR,
2019-12,4.423B,4.382B,3.641B,740.65M,93.26M,0.00,36.38M,5.012M,-31.37M,383.63M,611.47M,129.18M,5.012M,36.38M,-31.37M,2.547M,-31.37M,100.36M,19.29M,81.07M,,,-20.46M,60.60M,60.14M,136.74M,,2019-12,0.38,,0.38,,2019-12,0.37,,0.37,,2019-12,0.35,,2019-12,AOR,
2019-09,4.410B,4.425B,3.438B,987.00M,87.63M,0.00,36.03M,6.164M,-29.86M,345.58M,560.22M,426.78M,6.164M,36.03M,-29.86M,4.085M,-29.86M,401.00M,103.02M,297.98M,,,-36.17M,261.81M,261.52M,437.03M,,2019-09,1.60,,1.60,,2019-09,1.58,,1.58,,2019-09,0.33,,2019-09,AOR,Restated
2019-06,4.769B,4.783B,3.753B,1.030B,85.32M,-152.71M,34.26M,4.588M,-29.68M,333.25M,545.48M,484.45M,4.588M,34.26M,-29.68M,-148.62M,-29.68M,306.15M,89.34M,216.82M,,,-19.90M,196.92M,303.47M,340.42M,,2019-06,1.16,,1.16,,2019-06,1.15,,1.15,,2019-06,0.33,,2019-06,AOR,Restated
2019-03,3.884B,3.897B,2.967B,930.39M,88.03M,0.00,36.65M,6.375M,-30.27M,331.59M,541.05M,389.34M,6.375M,36.65M,-30.27M,4.922M,-30.27M,363.99M,87.50M,276.49M,,,-23.43M,253.06M,251.33M,400.64M,,2019-03,1.48,,1.48,,2019-03,1.47,,1.47,,2019-03,0.33,,2019-03,AOR,Restated
2018-12,4.391B,4.344B,3.575B,769.46M,85.96M,0.00,33.92M,6.232M,-27.68M,352.14M,551.81M,217.65M,6.232M,33.92M,-27.68M,1.851M,-27.68M,191.82M,28.50M,163.32M,,,-21.42M,141.90M,141.32M,225.74M,,2018-12,0.82,,0.82,,2018-12,0.81,,0.81,,2018-12,0.33,,2018-12,AOR,Restated
2018-09,4.757B,4.771B,3.770B,1.001B,71.13M,0.00,32.40M,5.136M,-27.26M,317.20M,497.21M,503.52M,5.136M,32.40M,-27.26M,2.136M,-27.26M,478.39M,116.26M,362.13M,,,-19.67M,342.47M,342.25M,510.79M,,2018-09,1.95,,1.95,,2018-09,1.93,,1.93,,2018-09,0.33,,2018-09,AOR,Restated
2018-06,4.461B,4.471B,3.489B,982.25M,68.68M,0.00,32.32M,2.934M,-29.39M,296.22M,475.27M,506.98M,2.934M,32.32M,-29.39M,2.773M,-29.39M,480.36M,117.45M,362.91M,,,-17.41M,345.51M,345.75M,512.68M,,2018-06,1.96,,1.96,,2018-06,1.94,,1.94,,2018-06,0.33,,2018-06,AOR,Restated
2018-03,4.105B,4.128B,3.243B,885.14M,64.66M,,32.72M,2.59M,-30.13M,320.29M,489.29M,395.85M,2.59M,32.72M,-30.13M,8.185M,-30.13M,373.90M,85.04M,288.86M,,,-20.77M,268.09M,263.79M,406.62M,,2018-03,1.51,,1.51,,2018-03,1.50,,1.50,,2018-03,0.33,,2018-03,AOR,Restated
2017-12,4.041B,3.993B,3.091B,901.38M,80.42M,36.25M,32.06M,1.667M,-30.40M,350.40M,536.55M,364.82M,1.667M,32.06M,-30.40M,36.84M,-30.40M,371.26M,-185.97M,557.23M,,,-36.15M,521.08M,500.89M,403.32M,,2017-12,2.94,,2.94,,2017-12,2.92,,2.92,,2017-12,0.33,,2017-12,AOR,Restated
2017-09,3.704B,3.719B,2.777B,941.83M,68.25M,0.00,28.73M,1.074M,-27.66M,322.28M,493.41M,448.41M,1.074M,28.73M,-27.66M,25.35M,-27.66M,446.10M,158.39M,287.72M,,,-15.70M,272.01M,259.68M,474.83M,,2017-09,1.53,,1.53,,2017-09,1.53,,1.53,,2017-09,0.33,,2017-09,AOR,Restated
2017-06,3.443B,3.459B,2.837B,621.42M,59.80M,-19.25M,29.64M,0.176M,-29.47M,316.26M,481.35M,140.08M,0.176M,29.64M,-29.47M,-4.539M,-29.47M,106.07M,32.00M,74.07M,,,-16.31M,57.77M,63.99M,135.71M,,2017-06,0.33,,0.33,,2017-06,0.33,,0.33,,2017-06,0.33,,2017-06,AOR,Restated
2017-03,3.063B,3.080B,2.653B,427.48M,57.26M,-12.22M,27.16M,0.819M,-26.34M,307.72M,461.02M,-33.54M,0.819M,27.16M,-26.34M,5.304M,-26.34M,-54.57M,-16.79M,-37.78M,,,-7.686M,-45.47M,-47.12M,-27.41M,,2017-03,-0.26,,-0.26,,2017-03,-0.26,,-0.26,,2017-03,0.33,,2017-03,AOR,Restated
2016-12,2.955B,2.955B,2.453B,501.85M,37.66M,0.00,26.30M,1.111M,-25.19M,261.00M,392.26M,109.60M,1.111M,26.30M,-25.19M,-0.988M,-25.19M,83.42M,12.95M,70.46M,,,-17.30M,53.16M,53.16M,109.72M,,2016-12,0.30,,0.30,,2016-12,0.30,,0.30,,2016-12,0.33,,2016-12,AOR,Restated
2016-09,2.847B,2.847B,2.342B,505.12M,32.99M,0.00,19.55M,0.778M,-18.77M,256.23M,380.36M,124.76M,0.778M,19.55M,-18.77M,3.874M,-18.77M,109.87M,22.20M,87.67M,,,-13.17M,74.50M,74.50M,129.42M,,2016-09,0.42,,0.42,,2016-09,0.42,,0.42,,2016-09,0.33,,2016-09,AOR,Restated
2016-06,2.715B,2.715B,2.110B,604.96M,29.66M,-654.08M,14.25M,0.527M,-13.72M,251.34M,371.41M,233.54M,0.527M,14.25M,-13.72M,-650.33M,-13.72M,-430.52M,-38.04M,-392.47M,,,-16.90M,-409.37M,187.16M,-416.26M,,2016-06,-2.33,,-2.33,,2016-06,-2.33,,-2.33,,2016-06,0.33,,2016-06,AOR,Restated
2016-03,2.019B,2.019B,1.569B,449.68M,25.62M,-8.718M,12.09M,0.075M,-12.01M,252.58M,366.08M,83.60M,0.075M,12.09M,-12.01M,-5.888M,-12.01M,65.70M,22.31M,43.39M,,,-22.14M,21.25M,27.01M,77.78M,,2016-03,0.12,,0.12,,2016-03,0.12,,0.12,,2016-03,0.33,,2016-03,AOR,Restated
2015-12,2.944B,2.944B,2.590B,353.49M,34.41M,0.00,11.66M,0.988M,-10.67M,285.21M,410.20M,-56.71M,0.988M,11.66M,-10.67M,2.704M,-10.67M,-64.67M,-40.72M,-23.95M,,,-19.97M,-43.92M,-43.92M,-53.01M,,2015-12,-0.24,,-0.24,,2015-12,-0.24,,-0.24,,2015-12,0.33,,2015-12,AOR,Restated
2015-09,3.586B,3.586B,2.879B,706.51M,30.75M,0.00,11.10M,0.673M,-10.43M,265.40M,383.91M,322.60M,0.673M,11.10M,-10.43M,8.497M,-10.43M,320.67M,110.07M,210.61M,,,-14.28M,196.32M,191.57M,331.78M,,2015-09,1.05,,1.05,,2015-09,1.04,,1.04,,2015-09,0.33,,2015-09,AOR,Restated
2015-06,3.702B,3.702B,2.752B,949.92M,26.12M,-1.368M,10.56M,0.768M,-9.791M,246.16M,360.08M,589.83M,0.768M,10.56M,-9.791M,0.136M,-9.791M,580.18M,206.99M,373.19M,,,-12.36M,360.82M,361.14M,590.74M,,2015-06,1.88,,1.88,,2015-06,1.88,,1.88,,2015-06,0.33,,2015-06,AOR,Restated
2015-03,3.007B,3.007B,2.245B,761.80M,29.57M,0.00,10.15M,0.962M,-9.192M,263.60M,373.18M,388.62M,0.962M,10.15M,-9.192M,-7.041M,-9.192M,372.39M,129.73M,242.66M,,,-15.78M,226.88M,226.38M,382.54M,,2015-03,1.16,,1.16,,2015-03,1.16,,1.16,,2015-03,0.32,,2015-03,AOR,Restated
2014-12,4.283B,4.283B,4.187B,96.62M,32.17M,0.00,10.12M,0.837M,-9.288M,318.36M,451.03M,-354.42M,0.837M,10.12M,-9.288M,2.371M,-9.288M,-361.34M,-150.99M,-210.34M,,,-11.86M,-222.20M,-222.20M,-351.21M,,2014-12,-1.13,,-1.13,,2014-12,-1.13,,-1.13,,2014-12,0.32,,2014-12,AOR,Restated
2014-09,5.318B,5.318B,4.626B,691.66M,27.15M,0.00,11.04M,1.004M,-10.03M,280.96M,389.05M,302.61M,1.004M,11.04M,-10.03M,-1.803M,-10.03M,290.77M,103.22M,187.56M,,,-12.55M,175.01M,175.36M,301.81M,,2014-09,0.88,,0.88,,2014-09,0.88,,0.88,,2014-09,0.32,,2014-09,AOR,Restated
2014-06,5.373B,5.373B,4.675B,697.75M,28.36M,0.00,10.14M,1.184M,-8.952M,271.65M,401.41M,296.34M,1.184M,10.14M,-8.952M,-0.908M,-8.952M,286.48M,101.33M,185.15M,,,-8.724M,176.43M,176.43M,296.62M,,2014-06,0.89,,0.89,,2014-06,0.89,,0.89,,2014-06,0.32,,2014-06,AOR,Restated
2014-03,4.791B,4.791B,4.139B,652.43M,26.92M,-7.677M,12.35M,1.405M,-10.94M,273.97M,381.44M,271.00M,1.405M,12.35M,-10.94M,-8.478M,-10.94M,251.58M,87.61M,163.96M,,,-11.90M,152.06M,157.07M,263.92M,,2014-03,0.76,,0.76,,2014-03,0.76,,0.76,,2014-03,0.30,,2014-03,AOR,Restated
2013-12,4.827B,4.827B,4.333B,493.91M,35.83M,0.00,12.98M,1.765M,-11.22M,291.89M,406.78M,87.12M,1.765M,12.98M,-11.22M,-1.201M,-11.22M,74.70M,4.911M,69.79M,,,-6.892M,62.90M,62.90M,87.69M,,2013-12,0.32,,0.32,,2013-12,0.31,,0.31,,2013-12,0.30,,2013-12,AOR,Restated
2013-09,5.327B,5.327B,4.810B,517.13M,28.94M,0.00,13.95M,1.482M,-12.47M,256.32M,367.38M,149.75M,1.482M,13.95M,-12.47M,0.159M,-12.47M,137.44M,48.53M,88.91M,,,-6.619M,82.29M,82.29M,151.39M,,2013-09,0.41,,0.41,,2013-09,0.41,,0.41,,2013-09,0.30,,2013-09,AOR,Restated
2013-06,5.299B,5.299B,4.457B,842.04M,34.00M,-22.11M,19.79M,0.778M,-19.02M,277.54M,382.03M,460.01M,0.778M,19.79M,-19.02M,-23.20M,-19.02M,417.79M,152.04M,265.75M,,,-8.768M,256.98M,271.04M,437.59M,,2013-06,1.27,,1.27,,2013-06,1.27,,1.27,,2013-06,0.30,,2013-06,AOR,Restated
2013-03,4.708B,4.708B,3.793B,915.25M,29.20M,0.00,21.32M,1.531M,-19.79M,265.10M,366.06M,549.20M,1.531M,21.32M,-19.79M,0.059M,-19.79M,529.46M,186.09M,343.37M,,,-9.702M,333.67M,333.67M,550.78M,,2013-03,1.64,,1.64,,2013-03,1.63,,1.63,,2013-03,0.30,,2013-03,AOR,Restated
2012-12,5.148B,5.148B,4.073B,1.074B,39.68M,0.00,22.83M,1.426M,-21.40M,296.75M,401.14M,673.14M,1.426M,22.83M,-21.40M,0.468M,-21.40M,652.21M,252.22M,399.99M,,,-8.389M,391.60M,391.60M,675.04M,,2012-12,1.92,,1.92,,2012-12,1.92,,1.92,,2012-12,0.20,,2012-12,AOR,Restated
2012-09,5.205B,5.205B,3.899B,1.306B,28.79M,0.00,21.10M,2.219M,-18.88M,233.86M,327.76M,978.30M,2.219M,21.10M,-18.88M,0.852M,-18.88M,960.27M,349.62M,610.65M,,,-10.28M,600.37M,600.37M,981.38M,,2012-09,2.95,,2.95,,2012-09,2.94,,2.94,,2012-09,0.15,,2012-09,AOR,Restated
2012-06,4.807B,4.807B,3.682B,1.125B,32.11M,0.00,26.94M,0.681M,-26.26M,222.73M,311.78M,813.14M,0.681M,26.94M,-26.26M,1.212M,-26.26M,788.09M,285.72M,502.37M,,,-8.871M,493.50M,493.29M,815.03M,,2012-06,2.40,,2.40,,2012-06,2.39,,2.39,,2012-06,0.15,,2012-06,AOR,Restated
2012-03,4.932B,4.932B,4.187B,744.82M,27.53M,,33.32M,0.46M,-32.86M,241.63M,325.26M,419.56M,0.46M,33.32M,-32.86M,0.717M,-32.86M,387.43M,140.41M,247.02M,,,-5.324M,241.70M,241.70M,420.74M,,2012-03,1.16,,1.16,,2012-03,1.16,,1.16,,2012-03,0.10,,2012-03,AOR,Restated
2011-12,4.972B,4.972B,3.756B,1.216B,41.47M,0.00,21.85M,0.338M,-21.51M,,842.88M,373.06M,0.338M,21.85M,-21.51M,0.561M,-21.51M,352.11M,116.26M,235.85M,,,-12.47M,223.38M,223.38M,373.96M,,2011-12,0.80,,0.80,,2011-12,0.79,,0.79,,2011-12,0.10,,2011-12,AOR,Restated
2011-09,5.173B,5.173B,4.218B,955.59M,43.14M,-9.10M,25.07M,0.204M,-24.87M,,86.38M,869.21M,0.204M,25.07M,-24.87M,-8.568M,-24.87M,835.77M,304.76M,531.01M,,,-7.923M,523.09M,528.87M,860.84M,,2011-09,2.50,0.00,2.50,,2011-09,2.48,0.00,2.48,,2011-09,0.0875,,2011-09,AOR,Restated
2011-06,2.967B,2.967B,2.586B,380.69M,18.68M,-2.316M,15.19M,0.657M,-14.54M,,50.51M,330.18M,0.657M,15.19M,-14.54M,-1.849M,-14.54M,313.79M,111.96M,201.83M,,,-9.598M,192.24M,193.72M,328.99M,,2011-06,1.80,0.00,1.80,,2011-06,1.79,0.00,1.79,,2011-06,0.075,,2011-06,AOR,Restated
2011-03,2.327B,2.327B,2.119B,207.22M,16.82M,-3.698M,16.20M,0.085M,-16.12M,,48.13M,159.10M,0.085M,16.20M,-16.12M,-2.958M,-16.12M,140.02M,49.01M,91.01M,,,-6.317M,84.69M,87.10M,156.23M,,2011-03,0.79,0.00,0.79,,2011-03,0.79,0.00,0.79,,2011-03,0.075,,2011-03,AOR,Restated
2010-12,2.212B,2.212B,1.609B,602.40M,20.22M,,18.08M,0.41M,-17.67M,,556.44M,45.96M,0.41M,18.08M,-17.67M,0.798M,-17.67M,29.08M,4.836M,24.25M,,,-9.53M,14.72M,14.72M,47.17M,,2010-12,0.14,,0.14,,2010-12,0.14,,0.14,,2010-12,0.075,,2010-12,AOR,Restated
2010-09,2.091B,2.091B,1.937B,153.68M,16.92M,,17.37M,0.064M,-17.30M,,46.06M,107.62M,0.064M,17.37M,-17.30M,0.57M,-17.30M,90.88M,31.49M,59.39M,,,-8.213M,51.18M,51.18M,108.25M,,2010-09,0.48,0.00,0.48,,2010-09,0.48,0.00,0.48,,2010-09,0.075,,2010-09,AOR,Restated
2010-06,2.146B,2.146B,1.969B,176.82M,15.83M,0.00,21.02M,0.635M,-20.39M,,44.65M,132.16M,0.635M,21.02M,-20.39M,0.544M,-20.39M,112.32M,39.65M,72.67M,,,-6.504M,66.16M,66.16M,133.34M,,2010-06,0.62,0.00,0.62,,2010-06,0.62,0.00,0.62,,2010-06,0.075,,2010-06,AOR,Restated
2010-03,1.874B,1.874B,1.851B,22.88M,17.87M,,17.72M,0.059M,-17.66M,,45.63M,-22.74M,0.059M,17.72M,-17.66M,0.481M,-17.66M,-39.93M,-16.67M,-23.25M,,,-4.84M,-28.09M,-28.09M,-22.20M,,2010-03,-0.265,0.00,-0.265,,2010-03,-0.265,0.00,-0.265,,2010-03,0.075,,2010-03,AOR,Restated
2009-12,1.662B,1.662B,1.666B,-4.358M,16.77M,-1.138M,14.50M,2.484M,-12.01M,,46.16M,-50.51M,2.484M,14.50M,-12.01M,-0.528M,-12.01M,-63.05M,-27.21M,-35.85M,13.49M,,-18.14M,-40.50M,-53.25M,-48.56M,,2009-12,-0.44,0.035,-0.405,,2009-12,-0.44,0.035,-0.405,,2009-12,0.075,,2009-12,AOR,Restated
2009-09,1.488B,1.488B,1.392B,96.34M,16.73M,-0.378M,12.41M,0.231M,-12.18M,,40.75M,55.58M,0.231M,12.41M,-12.18M,0.268M,-12.18M,43.67M,13.50M,30.18M,0.901M,,-7.594M,23.48M,22.84M,56.08M,,2009-09,0.23,0.005,0.235,,2009-09,0.23,0.005,0.235,,2009-09,0.075,,2009-09,AOR,Restated
2009-06,1.036B,1.036B,957.98M,77.80M,15.09M,-1.61M,7.203M,0.134M,-7.069M,,40.35M,37.45M,0.134M,7.203M,-7.069M,-1.122M,-7.069M,29.26M,9.322M,19.94M,1.206M,,-6.539M,14.60M,14.50M,36.46M,,2009-06,0.14,0.005,0.145,,2009-06,0.14,0.005,0.145,,2009-06,0.075,,2009-06,AOR,Restated
2009-03,648.03M,648.03M,578.40M,69.63M,11.76M,,6.239M,2.196M,-4.043M,,31.84M,37.79M,2.196M,6.239M,-4.043M,0.175M,-4.043M,33.92M,11.85M,22.07M,1.331M,,-1.46M,21.94M,20.61M,40.16M,,2009-03,0.215,0.005,0.22,,2009-03,0.215,0.005,0.22,,2009-03,0.075,,2009-03,AOR,Restated
2008-12,916.63M,916.63M,535.58M,381.05M,15.44M,,,,,,298.17M,82.88M,,,,2.234M,,81.44M,27.73M,53.72M,,,-2.936M,50.56M,47.64M,98.91M,,2008-12,0.49,0.015,0.505,,2008-12,0.49,0.01,0.50,,2008-12,0.075,,2008-12,AOR,Restated
2008-09,1.720B,1.720B,1.606B,113.88M,14.17M,,,,,,30.91M,82.98M,,,,,,75.65M,25.75M,49.90M,,,-1.847M,49.90M,49.90M,82.98M,,2008-09,0.50,0.00,0.50,,2008-09,0.50,0.00,0.50,,2008-09,0.075,,2008-09,,
2008-06,1.744B,1.744B,1.695B,49.10M,12.94M,,6.251M,3.826M,-2.425M,,28.87M,20.23M,3.826M,6.251M,-2.425M,0.00,-2.425M,17.80M,5.856M,11.94M,,,-0.493M,11.45M,11.45M,24.05M,,2008-06,0.115,0.00,0.115,,2008-06,0.115,0.00,0.115,,2008-06,0.075,,2008-06,,Restated
2008-03,1.480B,1.480B,1.444B,35.84M,12.94M,,1.992M,3.555M,1.563M,,26.25M,9.593M,3.555M,1.992M,1.563M,2.99M,1.563M,14.15M,4.695M,9.451M,,,-0.802M,8.649M,8.649M,16.14M,,2008-03,0.085,0.00,0.085,,2008-03,0.085,0.00,0.085,,2008-03,0.075,,2008-03,,Restated
2007-12,1.440B,1.440B,1.351B,89.19M,12.78M,,,,,,23.61M,65.58M,,,,5.245M,,75.19M,25.35M,49.83M,,,,49.83M,49.83M,99.77M,,2007-12,0.46,0.00,0.46,,2007-12,0.45,0.00,0.45,,2007-12,0.06,,2007-12,,Restated
2007-09,1.209B,1.209B,1.112B,96.96M,18.80M,,,,,,29.33M,67.63M,,,,5.564M,,77.27M,19.14M,58.13M,,,,58.13M,58.13M,67.63M,,2007-09,0.53,0.00,0.53,,2007-09,0.52,0.00,0.52,,2007-09,0.06,,2007-09,,
2007-06,1.217B,1.217B,948.46M,268.54M,21.35M,,,,,,31.99M,236.55M,,,,4.954M,,244.76M,86.14M,158.63M,,,,158.63M,158.63M,236.55M,,2007-06,1.445,0.00,1.445,,2007-06,1.42,0.00,1.42,,2007-06,0.06,,2007-06,,
2007-03,925.87M,925.87M,802.00M,123.87M,15.85M,,,,,,27.30M,96.57M,,,,3.346M,,102.23M,34.69M,67.54M,,,,67.54M,67.54M,96.57M,,2007-03,0.61,0.00,0.61,,2007-03,0.60,0.00,0.60,,2007-03,0.05,,2007-03,,
2006-12,938.09M,938.09M,839.51M,98.58M,18.44M,,,,,,29.98M,68.60M,,,,4.605M,,75.81M,27.00M,48.81M,-1.149M,,,47.66M,48.81M,68.60M,,2006-12,0.44,-0.005,0.435,,2006-12,0.43,-0.005,0.425,,2006-12,0.04,,2006-12,,
2006-09,1.173B,1.173B,1.034B,139.14M,12.57M,,,,,,22.05M,117.09M,,,,3.596M,,123.16M,43.96M,79.20M,-0.199M,,,79.00M,79.20M,117.09M,,2006-09,0.70,0.00,0.70,,2006-09,0.685,0.00,0.685,,2006-09,0.04,,2006-09,,
2006-06,1.121B,1.121B,957.20M,163.64M,18.73M,,,,,,29.41M,134.22M,,,,1.516M,,137.88M,50.15M,87.73M,5.372M,,,93.10M,87.73M,134.22M,,2006-06,0.765,0.045,0.81,,2006-06,0.755,0.045,0.80,,2006-06,0.04,,2006-06,,
2006-03,791.59M,791.59M,728.08M,63.52M,13.52M,,,,,,21.54M,41.98M,,,,3.212M,,46.65M,15.49M,31.16M,15.64M,,,46.80M,31.16M,41.98M,,2006-03,0.2675,0.1325,0.40,,2006-03,0.26,0.13,0.39,,2006-03,0.025,,2006-03,,
2005-12,812.42M,812.42M,730.37M,82.05M,16.16M,,,,,,24.81M,57.24M,,,,3.221M,,62.51M,24.02M,38.49M,,,0.00,41.45M,38.49M,57.24M,,2005-12,0.32,0.015,0.34,,2005-12,0.31,0.015,0.325,,2005-12,0.025,,2005-12,,
2005-09,880.52M,880.52M,767.64M,112.88M,12.62M,,,,,,21.17M,91.71M,,,,3.296M,,95.71M,35.69M,60.02M,,0.669M,,60.69M,60.02M,91.71M,,2005-09,0.495,0.01,0.505,,2005-09,0.485,0.005,0.49,,2005-09,0.025,,2005-09,,
2005-06,728.66M,728.66M,618.34M,110.32M,12.33M,,,,,,24.64M,85.67M,,,,,,81.98M,30.87M,51.10M,1.321M,,-3.119M,52.42M,51.10M,85.67M,,2005-06,0.405,0.01,0.415,,2005-06,0.395,0.01,0.405,,2005-06,0.025,,2005-06,,
2005-03,624.72M,624.72M,574.99M,49.73M,10.58M,,,,,,21.61M,28.12M,,,,-0.685M,,23.46M,9.04M,14.42M,-0.782M,,-3.602M,13.63M,14.42M,28.12M,,2005-03,0.115,-0.0075,0.1075,,2005-03,0.1125,-0.0075,0.105,,2005-03,0.02,,2005-03,,
2004-12,487.00M,487.00M,575.39M,-88.38M,-112.75M,,,,,,-105.13M,16.75M,,,,-0.611M,,12.41M,5.96M,6.45M,,,-3.876M,7.385M,6.45M,16.75M,,2004-12,0.0625,0.00,0.0625,,2004-12,0.0575,0.00,0.0575,,2004-12,0.02,,2004-12,,
2004-09,597.45M,597.45M,507.75M,89.70M,58.76M,,,,,,68.75M,20.95M,,,,0.348M,,18.60M,7.078M,11.52M,,,-2.704M,11.52M,11.52M,20.95M,,2004-09,0.0925,0.00,0.0925,,2004-09,0.09,0.00,0.09,,2004-09,0.02,,2004-09,,
2004-06,568.74M,568.74M,465.89M,102.84M,11.69M,,,,,,21.62M,81.22M,,,,0.60M,,83.07M,32.06M,51.01M,,,-0.306M,51.01M,51.01M,81.22M,,2004-06,0.4025,0.00,0.4025,,2004-06,0.39,0.00,0.39,,2004-06,0.0162,,2004-06,,
2004-03,463.06M,463.06M,413.69M,49.37M,14.38M,,,,,,24.30M,25.07M,,,,-0.655M,,22.84M,8.882M,13.96M,,,-0.689M,13.96M,13.96M,25.07M,,2004-03,0.1125,0.00,0.1125,,2004-03,0.1075,0.00,0.1075,,2004-03,0.0162,,2004-03,,
2003-12,349.79M,349.79M,422.98M,-73.19M,-82.41M,-1.789M,,,,1.031M,-71.88M,-1.304M,,,,-1.402M,,-2.118M,-1.037M,-1.081M,,,,-1.081M,-0.0076M,-1.304M,,2003-12,-0.01,0.00,-0.01,,2003-12,-0.01,0.00,-0.01,,2003-12,0.0138,,2003-12,,
2003-09,415.26M,415.26M,327.88M,87.38M,48.60M,-0.289M,,,,0.393M,58.85M,28.53M,,,,0.727M,,28.65M,11.10M,17.55M,,,-0.328M,17.55M,17.73M,28.53M,,2003-09,0.1425,0.00,0.1425,,2003-09,0.1375,0.00,0.1375,,2003-09,0.0138,,2003-09,,
2003-04,312.18M,312.18M,284.05M,28.13M,7.057M,31.67M,,,,,16.04M,12.10M,,,,30.98M,,43.12M,16.42M,26.70M,,,,26.70M,7.086M,12.10M,,2003-04,0.215,0.00,0.215,,2003-04,0.2088,0.00,0.2088,,2003-04,0.0138,,2003-04,,
2003-01,270.36M,270.36M,258.88M,11.48M,5.337M,,,,,,12.50M,-1.017M,,,,-1.378M,,-2.588M,-0.992M,-1.596M,,,,-1.596M,-1.596M,-1.017M,,2003-01,-0.0125,0.00,-0.0125,,2003-01,-0.0125,0.00,-0.0125,,2003-01,0.0138,,2003-01,,
2002-10,275.66M,275.66M,256.32M,19.34M,5.203M,,,,,,12.40M,6.943M,,,,1.983M,,8.506M,3.259M,5.247M,,,,5.247M,5.247M,6.943M,,2002-10,0.0425,0.00,0.0425,,2002-10,0.0412,0.00,0.0412,,2002-10,0.0138,,2002-10,,
2002-07,253.88M,253.88M,135.72M,118.16M,102.43M,0.00,,,,,110.10M,8.066M,,,,1.114M,,8.811M,2.718M,6.093M,,,,6.093M,6.093M,8.066M,,2002-07,0.0488,0.00,0.0488,,2002-07,0.0488,0.00,0.0488,,2002-07,0.0138,,2002-07,,
2002-04,210.33M,210.33M,189.35M,20.98M,5.452M,,,,,,12.34M,8.642M,,,,1.571M,,9.808M,3.609M,6.199M,,,,6.199M,6.199M,8.642M,,2002-04,0.05,0.00,0.05,,2002-04,0.0488,0.00,0.0488,,2002-04,0.0125,,2002-04,,
2002-01,166.75M,166.75M,157.53M,9.223M,5.228M,,,,,,11.94M,-2.719M,,,,2.32M,,-0.792M,-0.307M,-0.485M,,,,-0.485M,-0.485M,-2.719M,,2002-01,-0.0038,0.00,-0.0038,,2002-01,-0.0038,0.00,-0.0038,,2002-01,0.0125,,2002-01,,
2001-10,257.95M,257.95M,217.03M,40.92M,5.43M,1.522M,,,,,11.86M,29.06M,,,,4.27M,,33.07M,12.85M,20.22M,,,,20.22M,19.29M,29.06M,,2001-10,0.1625,0.00,0.1625,,2001-10,0.1588,0.00,0.1588,,2001-10,0.0125,,2001-10,,
2001-07,264.84M,264.84M,121.50M,143.34M,106.05M,,,,,,38.16M,105.18M,,,,3.544M,,32.75M,13.14M,19.61M,,,,19.61M,19.61M,105.18M,,2001-07,0.1594,0.00,0.1594,,2001-07,0.1531,0.00,0.1531,,2001-07,0.0125,,2001-07,,
2001-04,268.19M,268.19M,221.84M,46.35M,5.32M,,,,,24.60M,36.56M,9.789M,,,,0.936M,,34.58M,13.70M,20.89M,,,,20.89M,20.89M,9.789M,,2001-04,0.1725,0.00,0.1725,,2001-04,0.17,0.00,0.17,,2001-04,0.0112,,2001-04,,
2001-01,283.14M,283.14M,251.17M,31.97M,5.19M,0.908M,,,,,11.60M,20.38M,,,,0.908M,,20.76M,8.223M,12.54M,,,,12.54M,11.99M,20.38M,,2001-01,0.1038,0.00,0.1038,,2001-01,0.1038,0.00,0.1038,,2001-01,0.0112,,2001-01,,
2000-10,325.96M,325.96M,278.85M,47.11M,6.973M,1.067M,,,,,13.52M,33.59M,,,,1.067M,,33.79M,13.38M,20.41M,,,,20.41M,19.77M,33.59M,,2000-10,0.1688,0.00,0.1688,,2000-10,0.1688,0.00,0.1688,,2000-10,0.0112,,2000-10,,
2000-07,289.95M,289.95M,176.29M,113.66M,93.00M,-3.875M,,,,,100.51M,13.14M,,,,-3.875M,,7.948M,2.997M,4.951M,,,,4.951M,7.365M,13.14M,,2000-07,0.0394,0.00,0.0394,,2000-07,0.0394,0.00,0.0394,,2000-07,0.0106,,2000-07,,
2000-04,256.94M,256.94M,229.85M,27.09M,6.12M,0.32M,,,,,12.73M,14.36M,,,,0.32M,,13.44M,5.274M,8.171M,,,,8.171M,7.977M,14.36M,,2000-04,0.0625,0.00,0.0625,,2000-04,0.0625,0.00,0.0625,,2000-04,0.0106,,2000-04,,
2000-01,218.40M,218.40M,212.90M,5.50M,5.30M,-0.10M,,,,,12.30M,-6.80M,,,,-0.10M,,-8.10M,-3.20M,-4.90M,,,,-4.90M,-4.840M,-6.80M,,2000-01,-0.0369,0.00,-0.0369,,2000-01,-0.0369,0.00,-0.0369,,2000-01,0.0106,,2000-01,,
1999-10,200.60M,200.60M,160.10M,40.50M,28.10M,0.60M,,,,,34.50M,6.00M,,,,0.60M,,5.30M,2.10M,3.20M,,,,3.20M,2.838M,6.00M,,1999-10,0.0244,0.00,0.0244,,1999-10,0.0244,0.00,0.0244,,1999-10,0.0106,,1999-10,,
1999-07,190.90M,190.90M,79.60M,111.30M,86.10M,0.50M,,,,,92.80M,18.50M,,,,0.50M,,17.10M,6.80M,10.30M,,,,10.30M,9.999M,18.50M,,1999-07,0.0794,0.00,0.0794,,1999-07,0.0794,0.00,0.0794,,1999-07,0.01,,1999-07,,
1999-04,143.40M,143.40M,119.10M,24.30M,6.50M,6.00M,,,,,13.50M,10.80M,,,,6.00M,,14.70M,5.90M,8.80M,,,,8.80M,5.20M,10.80M,,1999-04,0.0656,0.00,0.0656,,1999-04,0.0656,0.00,0.0656,,1999-04,0.01,,1999-04,,
1999-01,120.70M,120.70M,105.50M,15.20M,5.90M,-3.60M,,,,,12.50M,2.70M,,,,-3.60M,,-3.00M,-1.20M,-1.80M,,,,-1.80M,0.36M,2.70M,,1999-01,-0.0138,0.00,-0.0138,,1999-01,-0.0138,0.00,-0.0138,,1999-01,0.01,,1999-01,,
1998-10,143.00M,143.00M,106.00M,37.00M,25.20M,0.40M,,,,,31.20M,5.80M,,,,0.40M,,4.30M,1.70M,2.60M,,,,2.60M,2.358M,5.80M,,1998-10,0.02,0.00,0.02,,1998-10,0.02,0.00,0.02,,1998-10,0.01,,1998-10,,
1998-07,150.40M,150.40M,48.90M,101.50M,79.70M,-1.30M,,,,,86.20M,15.30M,,,,-1.30M,,12.60M,4.60M,8.00M,,,,8.00M,8.825M,15.30M,,1998-07,0.0612,0.00,0.0612,,1998-07,0.0612,0.00,0.0612,,1998-07,0.0094,,1998-07,,
1998-04,134.20M,134.20M,116.20M,18.00M,3.70M,-0.40M,,,,,10.40M,7.60M,,,,-0.40M,,5.30M,2.30M,3.00M,,,,3.00M,3.24M,7.60M,,1998-04,0.0225,0.00,0.0225,,1998-04,0.0225,0.00,0.0225,,1998-04,0.0094,,1998-04,,
