,OperatingRevenue,Revenue,CostofGoodsSold,GrossProfit,SG&AExpense,ResearchandDevelopmentExpense,SpecialIncomeandCharges,OperatingInterestExpense,OperatingInterestIncome,NetOperatingInterestIncome,OtherOperatingExpenses,TotalOperatingExpenses,OperatingIncome,Non-OperatingInterestIncome,Non-OperatingInterestExpense,NetNon-OperatingInterestIncomeExpense,OtherIncomeandExpenses,NetInterestIncome,Pre-TaxIncome,ProvisionforIncomeTaxes,IncomefromContinuingOperations,IncomefromDiscontinuedOperations,IncomeAttributabletoMinorityInterest,PreferredStockDividend,NetIncome,ReconciledDepreciation,EBIT,,BasicEPS(Quarterly),EPSBasicfromContinuingOperations,EPSBasic,,DilutedEPS(Quarterly),EPSDilutedfromContinuingOperations,EPSDilutedfromDiscontinuedOperations,,SharesData(Quarterly),AverageBasicSharesOutstanding,,SECFilingLinks,AsOriginallyReported,Restated
2020-09,14.75B,14.75B,13.00B,1.743B,1.401B,642.00M,0.00,356.00M,6.00M,-350.00M,-734.00M,1.309B,434.00M,6.00M,356.00M,-350.00M,253.00M,-350.00M,337.00M,152.00M,185.00M,113.00M,-34.00M,,264.00M,1.164B,693.00M,,2020-09,0.10,0.17,,2020-09,0.10,0.08,,2020-09,1.512B,,2020-09,AOR,
2020-06,14.06B,14.06B,12.21B,1.847B,1.811B,695.00M,-3.183B,346.00M,11.00M,-335.00M,-82.00M,2.424B,-577.00M,11.00M,346.00M,-335.00M,-2.946B,-335.00M,-3.858B,-38.00M,-3.82B,9.00M,-24.00M,,-3.835B,859.00M,-3.512B,,2020-06,-2.56,-2.55,,2020-06,-2.56,0.01,,2020-06,1.501B,,2020-06,AOR,
2020-03,18.21B,18.21B,13.41B,4.802B,2.248B,671.00M,-660.00M,400.00M,20.00M,-380.00M,76.00M,2.995B,1.807B,20.00M,400.00M,-380.00M,-472.00M,-380.00M,955.00M,941.00M,14.00M,,-97.00M,,-83.00M,980.00M,1.355B,,2020-03,-0.10,-0.10,,2020-03,-0.10,,,2020-03,858.40M,,2020-03,AOR,
2019-12,43.39B,43.39B,31.58B,11.81B,5.849B,1.231B,,498.00M,61.00M,-437.00M,-280.00M,6.80B,5.008B,61.00M,498.00M,-437.00M,207.00M,-437.00M,4.778B,1.83B,2.948B,,-264.00M,,1.143B,1.761B,5.276B,,2019-12,1.480,1.33,,2019-12,1.461,-0.1449,,2019-12,856.60M,,2019-12,AOR,
2019-09,11.37B,11.37B,8.509B,2.864B,902.00M,592.00M,0.00,424.00M,22.00M,-402.00M,-60.00M,1.434B,1.43B,22.00M,424.00M,-402.00M,289.00M,-402.00M,1.317B,306.00M,1.011B,190.00M,-53.00M,,1.148B,692.00M,1.741B,,2019-09,1.12,1.34,,2019-09,1.11,0.22,,2019-09,855.10M,,2019-09,AOR,Restated
2019-06,11.33B,11.33B,8.554B,2.775B,902.00M,605.00M,0.00,420.00M,68.00M,-352.00M,-118.00M,1.389B,1.386B,68.00M,420.00M,-352.00M,200.00M,-352.00M,1.234B,6.00M,1.228B,717.00M,-45.00M,,1.90B,388.00M,1.654B,,2019-06,1.38,2.22,,2019-06,1.37,0.83,,2019-06,854.40M,,2019-06,AOR,Restated
2019-03,18.36B,18.36B,13.71B,4.658B,1.997B,728.00M,0.00,450.00M,19.00M,-431.00M,-112.00M,2.613B,2.045B,19.00M,450.00M,-431.00M,208.00M,-431.00M,1.822B,397.00M,1.425B,,-79.00M,,1.346B,942.00M,2.272B,,2019-03,1.58,1.58,,2019-03,1.56,,,2019-03,853.20M,,2019-03,AOR,Restated
2018-12,18.04B,18.04B,13.75B,4.297B,1.915B,733.00M,,388.00M,71.00M,-317.00M,-262.00M,2.386B,1.911B,71.00M,388.00M,-317.00M,194.00M,-317.00M,1.788B,990.00M,798.00M,,-112.00M,,686.00M,667.00M,2.176B,,2018-12,0.83,0.83,,2018-12,0.83,,,2018-12,829.80M,,2018-12,AOR,Restated
2018-09,16.51B,16.51B,12.54B,3.974B,1.681B,586.00M,,323.00M,65.00M,-258.00M,-131.00M,2.136B,1.838B,65.00M,323.00M,-258.00M,188.00M,-258.00M,1.768B,419.00M,1.349B,,-111.00M,,1.238B,593.00M,2.091B,,2018-09,1.56,1.56,,2018-09,1.54,,,2018-09,791.30M,,2018-09,AOR,Restated
2018-06,16.70B,16.70B,12.42B,4.283B,1.759B,589.00M,,258.00M,24.00M,-234.00M,-941.00M,1.407B,2.876B,24.00M,258.00M,-234.00M,192.00M,-234.00M,2.834B,695.00M,2.139B,,-91.00M,,2.048B,592.00M,3.092B,,2018-06,2.59,2.59,,2018-06,2.56,,,2018-06,790.50M,,2018-06,AOR,Restated
2018-03,15.24B,15.24B,11.28B,3.962B,1.711B,554.00M,,256.00M,27.00M,-229.00M,-231.00M,2.034B,1.928B,27.00M,256.00M,-229.00M,191.00M,-229.00M,1.89B,522.00M,1.368B,,-71.00M,,1.297B,581.00M,2.146B,,2018-03,1.64,1.64,,2018-03,1.62,,,2018-03,789.90M,,2018-03,AOR,Restated
2017-12,15.68B,15.68B,11.80B,3.885B,1.72B,630.00M,,272.00M,25.00M,-247.00M,-263.00M,2.087B,1.798B,25.00M,272.00M,-247.00M,154.00M,-247.00M,1.705B,1.219B,486.00M,,-89.00M,,397.00M,558.00M,1.977B,,2017-12,0.50,0.50,,2017-12,0.50,0.00,,2017-12,789.10M,,2017-12,AOR,Restated
2017-09,15.06B,15.06B,11.11B,3.956B,1.582B,592.00M,,258.00M,35.00M,-223.00M,-250.00M,1.924B,2.032B,35.00M,258.00M,-223.00M,131.00M,-223.00M,1.94B,506.00M,1.434B,,-104.00M,,1.33B,543.00M,2.198B,,2017-09,1.69,1.69,,2017-09,1.67,,,2017-09,788.30M,,2017-09,AOR,Restated
2017-06,15.28B,15.28B,11.16B,4.116B,1.59B,619.00M,,251.00M,25.00M,-226.00M,-257.00M,1.952B,2.164B,25.00M,251.00M,-226.00M,126.00M,-226.00M,2.064B,532.00M,1.532B,,-93.00M,,1.439B,527.00M,2.315B,,2017-06,1.83,1.83,,2017-06,1.80,,,2017-06,788.70M,,2017-06,AOR,Restated
2017-03,13.82B,13.82B,10.14B,3.679B,1.537B,586.00M,,236.00M,23.00M,-213.00M,-588.00M,1.535B,2.144B,23.00M,236.00M,-213.00M,123.00M,-213.00M,2.054B,586.00M,1.468B,,-82.00M,,1.386B,512.00M,2.29B,,2017-03,1.75,1.75,,2017-03,1.73,0.00,,2017-03,793.50M,,2017-03,AOR,Restated
2016-12,14.66B,14.66B,10.73B,3.925B,1.754B,665.00M,,420.00M,54.00M,-366.00M,-182.00M,2.237B,1.688B,54.00M,420.00M,-366.00M,,-366.00M,1.273B,149.00M,1.124B,-11.00M,-100.00M,,1.013B,506.00M,1.693B,,2016-12,1.28,1.27,,2016-12,1.26,-0.01,,2016-12,800.80M,,2016-12,AOR,Restated
2016-09,14.35B,14.35B,10.34B,4.012B,1.39B,582.00M,,252.00M,27.00M,-225.00M,-211.00M,1.761B,2.251B,27.00M,252.00M,-225.00M,,-225.00M,2.026B,492.00M,1.534B,37.00M,-91.00M,,1.48B,496.00M,2.278B,,2016-09,1.76,1.80,,2016-09,1.74,0.04,,2016-09,822.40M,,2016-09,AOR,Restated
2016-06,14.87B,14.87B,10.74B,4.133B,1.451B,588.00M,,248.00M,23.00M,-225.00M,-243.00M,1.796B,2.337B,23.00M,248.00M,-225.00M,,-225.00M,2.112B,587.00M,1.525B,-47.00M,-99.00M,,1.379B,494.00M,2.36B,,2016-06,1.73,1.67,,2016-06,1.71,-0.06,,2016-06,825.30M,,2016-06,AOR,Restated
2016-03,13.36B,13.36B,9.654B,3.703B,1.363B,541.00M,,241.00M,18.00M,-223.00M,-146.00M,1.758B,1.945B,18.00M,241.00M,-223.00M,,-223.00M,1.722B,469.00M,1.253B,11.00M,-81.00M,,1.183B,466.00M,1.963B,,2016-03,1.42,1.43,,2016-03,1.41,0.01,,2016-03,825.00M,,2016-03,AOR,Restated
2015-12,14.30B,14.30B,10.65B,3.647B,1.625B,611.00M,,238.00M,32.00M,-206.00M,1.019B,3.255B,392.00M,32.00M,238.00M,-206.00M,,-206.00M,186.00M,363.00M,-177.00M,3.534B,-79.00M,,3.278B,462.00M,424.00M,,2015-12,-0.30,3.86,,2015-12,-0.30,4.16,,2015-12,844.50M,,2015-12,AOR,Restated
2015-09,13.79B,13.79B,9.80B,3.988B,1.359B,546.00M,,223.00M,39.00M,-184.00M,-219.00M,1.686B,2.302B,39.00M,223.00M,-184.00M,,-184.00M,2.118B,592.00M,1.526B,-65.00M,-99.00M,,1.362B,486.00M,2.341B,,2015-09,1.63,1.55,,2015-09,1.61,-0.08,,2015-09,876.40M,,2015-09,AOR,Restated
2015-06,14.69B,14.69B,10.47B,4.218B,1.426B,558.00M,,245.00M,28.00M,-217.00M,-181.00M,1.803B,2.415B,28.00M,245.00M,-217.00M,,-217.00M,2.198B,626.00M,1.572B,81.00M,-111.00M,,1.542B,457.00M,2.443B,,2015-06,1.67,1.76,,2015-06,1.64,0.09,,2015-06,877.30M,,2015-06,AOR,Restated
2015-03,13.32B,13.32B,9.506B,3.814B,1.476B,564.00M,,239.00M,22.00M,-217.00M,-408.00M,1.632B,2.182B,22.00M,239.00M,-217.00M,,-217.00M,1.965B,530.00M,1.435B,62.00M,-71.00M,,1.426B,458.00M,2.204B,,2015-03,1.53,1.60,,2015-03,1.51,0.07,,2015-03,890.30M,,2015-03,AOR,Restated
2014-12,14.98B,14.98B,10.73B,4.249B,1.62B,624.00M,,377.00M,111.00M,-266.00M,-275.00M,1.969B,2.28B,111.00M,377.00M,-266.00M,,-266.00M,2.014B,634.00M,1.38B,195.00M,-102.00M,,1.473B,468.00M,2.391B,,2014-12,1.64,1.64,,2014-12,1.62,0.00,,2014-12,900.10M,,2014-12,AOR,Restated
2014-09,14.61B,14.61B,10.16B,4.448B,1.501B,640.00M,,235.00M,50.00M,-185.00M,-305.00M,1.836B,2.612B,50.00M,235.00M,-185.00M,,-185.00M,2.427B,575.00M,1.852B,99.00M,-97.00M,,1.854B,417.00M,2.662B,,2014-09,1.96,2.07,,2014-09,1.93,0.11,,2014-09,899.30M,,2014-09,AOR,Restated
2014-06,17.19B,17.19B,12.93B,4.26B,1.623B,666.00M,,245.00M,39.00M,-206.00M,-384.00M,1.905B,2.355B,39.00M,245.00M,-206.00M,,-206.00M,2.149B,359.00M,1.79B,,-110.00M,,1.68B,468.00M,2.394B,,2014-06,1.87,1.87,,2014-06,1.84,,,2014-06,900.10M,,2014-06,AOR,Restated
2014-03,14.74B,14.74B,10.69B,4.055B,1.596B,624.00M,,243.00M,18.00M,-225.00M,-263.00M,1.957B,2.098B,18.00M,243.00M,-225.00M,,-225.00M,1.873B,567.00M,1.306B,,-93.00M,,1.213B,467.00M,2.116B,,2014-03,1.35,1.35,,2014-03,1.32,,,2014-03,900.90M,,2014-03,AOR,Restated
2013-12,10.73B,10.73B,7.431B,3.302B,1.367B,471.00M,,257.00M,41.00M,-216.00M,-206.00M,1.632B,1.67B,41.00M,257.00M,-216.00M,,-216.00M,1.454B,322.00M,1.132B,435.00M,-104.00M,,1.463B,400.00M,1.711B,,2013-12,1.61,1.63,,2013-12,1.58,0.02,,2013-12,901.30M,,2013-12,AOR,Restated
2013-09,15.46B,15.46B,11.02B,4.442B,1.633B,630.00M,,248.00M,22.00M,-226.00M,-187.00M,2.076B,2.366B,22.00M,248.00M,-226.00M,,-226.00M,2.14B,614.00M,1.526B,17.00M,-111.00M,,1.432B,452.00M,2.388B,,2013-09,1.57,1.59,,2013-09,1.55,0.02,,2013-09,900.80M,,2013-09,AOR,Restated
2013-06,16.01B,16.01B,11.55B,4.454B,1.737B,631.00M,,272.00M,55.00M,-217.00M,-421.00M,1.947B,2.507B,55.00M,272.00M,-217.00M,,-217.00M,2.29B,645.00M,1.645B,8.00M,-93.00M,,1.56B,439.00M,2.562B,,2013-06,1.72,1.73,,2013-06,1.70,0.01,,2013-06,901.10M,,2013-06,AOR,Restated
2013-03,14.40B,14.40B,10.46B,3.934B,1.627B,610.00M,,255.00M,19.00M,-236.00M,-309.00M,1.928B,2.006B,19.00M,255.00M,-236.00M,,-236.00M,1.77B,418.00M,1.352B,-4.00M,-82.00M,,1.266B,444.00M,2.025B,,2013-03,1.41,1.40,,2013-03,1.39,-0.01,,2013-03,901.30M,,2013-03,AOR,Restated
2012-12,16.44B,16.44B,12.29B,4.157B,1.795B,712.00M,,279.00M,19.00M,-260.00M,-101.00M,2.406B,1.751B,19.00M,279.00M,-260.00M,,-260.00M,1.491B,454.00M,1.037B,1.112B,-92.00M,,2.057B,477.00M,1.77B,,2012-12,1.05,2.29,,2012-12,1.04,1.22,,2012-12,891.90M,,2012-12,AOR,Restated
2012-09,15.04B,15.04B,11.00B,4.039B,1.619B,590.00M,,260.00M,44.00M,-216.00M,-211.00M,1.998B,2.041B,44.00M,260.00M,-216.00M,,-216.00M,1.825B,484.00M,1.341B,168.00M,-94.00M,,1.415B,422.00M,2.085B,,2012-09,1.39,1.58,,2012-09,1.37,0.19,,2012-09,893.60M,,2012-09,AOR,Restated
2012-06,13.81B,13.81B,9.934B,3.873B,1.509B,525.00M,,190.00M,22.00M,-168.00M,-340.00M,1.694B,2.179B,22.00M,190.00M,-168.00M,,-168.00M,2.011B,453.00M,1.558B,-138.00M,-92.00M,,1.328B,307.00M,2.201B,,2012-06,1.64,1.49,,2012-06,1.62,-0.15,,2012-06,892.10M,,2012-06,AOR,Restated
2012-03,12.42B,12.42B,8.93B,3.486B,1.529B,544.00M,,164.00M,35.00M,-129.00M,-300.00M,1.773B,1.713B,35.00M,164.00M,-129.00M,,-129.00M,1.584B,320.00M,1.264B,-859.00M,-75.00M,,330.00M,318.00M,1.748B,,2012-03,1.33,0.37,,2012-03,1.31,-0.96,,2012-03,890.90M,,2012-03,AOR,Restated
2011-12,14.38B,14.38B,10.41B,3.966B,1.623B,524.00M,,177.00M,110.00M,-67.00M,,1.574B,2.392B,110.00M,177.00M,-67.00M,,-67.00M,1.778B,403.00M,1.375B,37.00M,-87.00M,,1.325B,301.00M,1.955B,,2011-12,1.49,1.49,,2011-12,1.47,0.00,,2011-12,888.10M,,2011-12,AOR,Restated
2011-09,14.24B,14.24B,10.34B,3.897B,1.512B,465.00M,231.00M,166.00M,27.00M,-139.00M,,1.977B,1.92B,27.00M,166.00M,-139.00M,231.00M,-139.00M,2.012B,628.00M,1.384B,37.00M,-97.00M,,1.324B,324.00M,2.178B,,2011-09,1.45,1.49,,2011-09,1.43,0.04,,2011-09,888.80M,,2011-09,AOR,Restated
2011-06,14.47B,14.47B,10.47B,4.001B,1.576B,494.00M,,164.00M,23.00M,-141.00M,-219.00M,1.851B,2.15B,23.00M,164.00M,-141.00M,,-141.00M,2.009B,612.00M,1.397B,33.00M,-112.00M,,1.318B,322.00M,2.173B,,2011-06,1.48,1.48,,2011-06,1.45,0.00,,2011-06,892.90M,,2011-06,AOR,Restated
2011-03,12.68B,12.68B,9.164B,3.516B,1.456B,470.00M,98.00M,165.00M,17.00M,-148.00M,,1.926B,1.59B,17.00M,165.00M,-148.00M,98.00M,-148.00M,1.54B,486.00M,1.054B,47.00M,-89.00M,,1.012B,316.00M,1.705B,,2011-03,1.08,1.13,,2011-03,1.06,0.05,,2011-03,898.70M,,2011-03,AOR,Restated
2010-12,12.81B,12.81B,9.54B,3.273B,1.405B,367.00M,,191.00M,22.00M,-169.00M,2.00M,1.774B,1.499B,22.00M,191.00M,-169.00M,,-169.00M,1.396B,331.00M,1.065B,,-54.00M,,1.199B,292.00M,1.587B,,2010-12,1.13,1.33,,2010-12,1.12,0.19,,2010-12,901.90M,,2010-12,AOR,Restated
2010-09,13.62B,13.62B,9.667B,3.953B,1.478B,433.00M,,182.00M,21.00M,-161.00M,-114.00M,1.797B,2.156B,21.00M,182.00M,-161.00M,,-161.00M,1.767B,468.00M,1.299B,,-101.00M,,1.198B,342.00M,1.949B,,2010-09,1.32,1.32,,2010-09,1.30,0.00,,2010-09,905.60M,,2010-09,AOR,Restated
2010-06,13.80B,13.80B,10.02B,3.787B,1.491B,459.00M,,149.00M,,-149.00M,-45.00M,1.905B,1.882B,,149.00M,-149.00M,,-149.00M,1.733B,521.00M,1.212B,,-102.00M,,1.11B,339.00M,1.882B,,2010-06,1.22,1.22,,2010-06,1.20,0.00,,2010-06,910.40M,,2010-06,AOR,Restated
2010-03,12.04B,12.04B,8.732B,3.308B,1.424B,397.00M,,186.00M,15.00M,-171.00M,-36.00M,1.785B,1.523B,15.00M,186.00M,-171.00M,,-171.00M,1.352B,405.00M,947.00M,,-81.00M,,866.00M,327.00M,1.538B,,2010-03,0.95,0.95,,2010-03,0.93,0.00,,2010-03,913.60M,,2010-03,AOR,Restated
2009-12,13.98B,13.60B,10.32B,3.288B,1.555B,421.00M,,183.00M,,-95.00M,,1.569B,1.719B,,183.00M,-95.00M,,-95.00M,1.624B,455.00M,1.169B,,-96.00M,,1.073B,333.00M,1.807B,,2009-12,1.17,1.17,,2009-12,1.15,0.00,,2009-12,915.60M,,2009-12,AOR,Restated
2009-09,13.19B,13.38B,9.836B,3.539B,1.424B,344.00M,,170.00M,,-170.00M,,1.768B,1.771B,,170.00M,-170.00M,,-170.00M,1.601B,456.00M,1.145B,,-87.00M,,1.058B,316.00M,1.771B,,2009-09,1.15,1.15,,2009-09,1.14,0.00,,2009-09,917.00M,,2009-09,AOR,Restated
2009-06,13.06B,13.20B,9.601B,3.595B,1.574B,384.00M,,177.00M,,-177.00M,,1.958B,1.637B,,177.00M,-177.00M,,-177.00M,1.46B,394.00M,1.066B,,-90.00M,,976.00M,303.00M,1.637B,,2009-06,1.06,1.06,,2009-06,1.05,0.00,,2009-06,919.00M,,2009-06,AOR,Restated
2009-03,12.20B,12.25B,9.107B,3.142B,1.483B,409.00M,,175.00M,,-175.00M,,1.892B,1.25B,,175.00M,-175.00M,,-175.00M,1.075B,276.00M,799.00M,,-77.00M,,722.00M,306.00M,1.25B,,2009-03,0.79,0.79,,2009-03,0.78,0.00,,2009-03,918.00M,,2009-03,AOR,Restated
2008-12,14.50B,14.77B,10.83B,3.942B,1.649B,490.00M,,171.00M,,-171.00M,,2.139B,1.803B,,171.00M,-171.00M,,-171.00M,1.632B,403.00M,1.229B,,-84.00M,,1.145B,350.00M,1.803B,,2008-12,1.24,1.24,,2008-12,1.22,0.00,,2008-12,923.00M,,2008-12,AOR,Restated
2008-09,14.97B,15.08B,10.94B,4.15B,1.665B,436.00M,,177.00M,,-177.00M,,2.101B,2.049B,,177.00M,-177.00M,,-177.00M,1.872B,502.00M,1.37B,,-101.00M,,1.269B,326.00M,2.049B,,2008-09,1.36,1.36,,2008-09,1.33,0.00,,2008-09,933.00M,,2008-09,,Restated
2008-06,15.81B,15.94B,11.64B,4.308B,1.775B,434.00M,,176.00M,,-176.00M,,2.209B,2.099B,,176.00M,-176.00M,,-176.00M,1.923B,548.00M,1.375B,,-100.00M,,1.275B,326.00M,2.099B,,2008-06,1.35,1.35,,2008-06,1.32,0.00,,2008-06,944.00M,,2008-06,,Restated
2008-03,13.83B,13.96B,10.24B,3.72B,1.635B,411.00M,,165.00M,,-165.00M,,2.046B,1.674B,,165.00M,-165.00M,,-165.00M,1.509B,430.00M,1.079B,,-79.00M,,1.00B,319.00M,1.674B,,2008-03,1.05,1.05,,2008-03,1.03,0.00,,2008-03,952.00M,,2008-03,,Restated
2007-12,14.50B,14.71B,10.73B,3.985B,1.711B,481.00M,,174.00M,,-174.00M,,2.192B,1.793B,,174.00M,-174.00M,,-174.00M,1.619B,481.00M,1.138B,,-78.00M,,1.06B,310.00M,1.793B,,2007-12,1.10,1.10,,2007-12,1.08,0.00,,2007-12,958.00M,,2007-12,AOR,Restated
2007-09,13.72B,13.86B,10.07B,3.795B,1.508B,399.00M,,179.00M,,-179.00M,,1.907B,1.888B,,179.00M,-179.00M,,-179.00M,1.709B,434.00M,1.275B,,-78.00M,,1.197B,308.00M,1.888B,,2007-09,1.24,1.24,,2007-09,1.21,0.00,,2007-09,963.00M,,2007-09,,
2007-06,13.77B,13.90B,10.13B,3.775B,1.494B,416.00M,138.00M,,,,,1.91B,1.865B,,,,138.00M,,1.702B,479.00M,1.148B,,-75.00M,,1.148B,277.00M,1.865B,,2007-06,1.19,1.19,,2007-06,1.16,0.00,,2007-06,966.00M,,2007-06,,
2007-03,11.94B,12.28B,8.996B,3.282B,1.396B,382.00M,342.00M,,,,,1.778B,1.504B,,,,342.00M,,1.354B,442.00M,819.00M,,-93.00M,,819.00M,278.00M,1.504B,,2007-03,0.85,0.85,,2007-03,0.82,0.00,,2007-03,968.00M,,2007-03,,
2006-12,13.36B,12.79B,9.521B,3.266B,1.432B,406.00M,,,,,,1.838B,1.428B,,,,,,1.275B,337.00M,1.131B,,-73.00M,,865.00M,261.00M,1.428B,,2006-12,0.89,0.89,,2006-12,0.87,0.00,,2006-12,971.00M,,2006-12,AOR,Restated
2006-09,11.97B,12.16B,8.794B,3.369B,1.338B,384.00M,191.00M,,,,,1.722B,1.647B,,,,191.00M,,1.491B,423.00M,996.00M,,-72.00M,,996.00M,252.00M,1.647B,,2006-09,1.02,1.02,,2006-09,0.99,0.00,,2006-09,980.00M,,2006-09,,
2006-06,12.05B,12.26B,8.775B,3.489B,1.378B,370.00M,218.00M,,,,,1.748B,1.741B,,,,218.00M,,1.586B,415.00M,1.103B,,-68.00M,,1.103B,256.00M,1.741B,,2006-06,1.12,1.12,,2006-06,1.09,0.00,,2006-06,983.00M,,2006-06,,
2006-03,10.45B,10.62B,7.65B,2.965B,1.314B,369.00M,169.00M,,,,,1.683B,1.282B,,,,169.00M,,1.14B,319.00M,768.00M,,-53.00M,,768.00M,264.00M,1.282B,,2006-03,0.78,0.78,,2006-03,0.76,0.00,,2006-03,984.00M,,2006-03,,
2005-12,11.17B,11.26B,8.239B,3.022B,1.378B,423.00M,,,,,,1.801B,1.221B,,,,,,1.078B,294.00M,721.00M,,-63.00M,,626.00M,256.00M,1.221B,,2005-12,0.73,0.64,,2005-12,0.72,-0.09,,2005-12,985.00M,,2005-12,AOR,Restated
2005-09,10.82B,10.90B,7.891B,3.014B,1.295B,335.00M,82.00M,,,,,1.63B,1.384B,,,,82.00M,,1.249B,356.00M,821.00M,,-72.00M,,821.00M,265.00M,1.384B,,2005-09,0.83,0.83,,2005-09,0.81,0.00,,2005-09,992.00M,,2005-09,,
2005-06,10.97B,11.15B,7.99B,3.162B,1.355B,318.00M,178.00M,,,,,1.673B,1.489B,,,,178.00M,,1.369B,326.00M,971.00M,,-72.00M,,971.00M,237.00M,1.489B,,2005-06,0.98,0.98,,2005-06,0.95,0.00,,2005-06,995.00M,,2005-06,,
2005-03,9.309B,9.407B,6.815B,2.592B,1.213B,291.00M,98.00M,,,,,1.504B,1.088B,,,,98.00M,,988.00M,277.00M,651.00M,,-60.00M,,651.00M,226.00M,1.088B,,2005-03,0.655,0.655,,2005-03,0.64,0.00,,2005-03,992.00M,,2005-03,,
2004-12,9.64B,10.38B,7.189B,3.196B,1.273B,342.00M,,,,,,2.162B,1.034B,,,,,,938.00M,266.00M,612.00M,,-60.00M,,612.00M,234.00M,1.034B,,2004-12,0.5987,0.5987,,2004-12,0.5987,,,2004-12,1.022B,,2004-12,AOR,Restated
2004-09,9.248B,9.339B,6.802B,2.537B,1.108B,299.00M,91.00M,,,,,1.407B,1.13B,,,,91.00M,,1.041B,287.00M,693.00M,,-61.00M,,693.00M,230.00M,1.13B,,2004-09,0.35,0.35,,2004-09,0.34,0.00,,2004-09,1.984B,,2004-09,,
2004-06,9.455B,9.622B,6.976B,2.646B,1.114B,315.00M,167.00M,,,,,1.429B,1.217B,,,,167.00M,,1.065B,248.00M,817.00M,,-61.00M,,817.00M,252.00M,1.217B,,2004-06,0.41,0.41,,2004-06,0.405,0.00,,2004-06,1.984B,,2004-06,,
2004-03,8.357B,8.646B,6.275B,2.371B,1.14B,311.00M,289.00M,,,,,1.451B,920.00M,,,,289.00M,,833.00M,230.00M,551.00M,,-52.00M,,551.00M,262.00M,920.00M,,2004-03,0.555,0.555,,2004-03,0.54,0.00,,2004-03,996.00M,,2004-03,,
2003-12,8.487B,8.588B,6.31B,2.278B,1.10B,251.00M,,,,,,1.351B,927.00M,,,,,,831.00M,202.00M,756.00M,,-41.00M,,588.00M,229.00M,927.00M,,2003-12,3.065,3.065,,2003-12,2.925,0.00,,2003-12,1.15B,,2003-12,AOR,Restated
2003-09,7.875B,7.954B,5.713B,2.241B,933.00M,260.00M,79.00M,,,,,1.193B,1.048B,,,,79.00M,,953.00M,267.00M,639.00M,,-47.00M,8.00M,639.00M,203.00M,1.048B,,2003-09,0.67,0.67,,2003-09,0.635,0.00,,2003-09,940.00M,,2003-09,,
2003-06,7.708B,7.79B,5.619B,2.171B,857.00M,281.00M,82.00M,,,,,1.138B,1.033B,,,,82.00M,,940.00M,263.00M,632.00M,,-45.00M,8.00M,632.00M,187.00M,1.033B,,2003-06,0.665,0.665,,2003-06,0.63,0.00,,2003-06,936.00M,,2003-06,,
2003-03,6.653B,6.702B,4.866B,1.836B,764.00M,235.00M,49.00M,,,,,999.00M,837.00M,,,,49.00M,,746.00M,209.00M,502.00M,,-35.00M,,502.00M,180.00M,837.00M,,2003-03,0.525,0.525,,2003-03,0.50,0.00,,2003-03,940.00M,,2003-03,,
2002-12,7.138B,7.215B,5.248B,1.967B,862.00M,278.00M,,,,,,1.14B,827.00M,,,,,,734.00M,165.00M,686.00M,,-36.00M,,533.00M,190.00M,827.00M,,2002-12,0.56,0.56,,2002-12,0.53,0.00,,2002-12,941.20M,,2002-12,AOR,Restated
2002-09,7.25B,7.299B,5.238B,2.061B,789.00M,270.00M,49.00M,,,,,1.059B,1.002B,,,,49.00M,,909.00M,258.00M,612.00M,,-39.00M,7.00M,612.00M,173.00M,1.002B,,2002-09,0.64,0.64,,2002-09,0.605,0.00,,2002-09,946.00M,,2002-09,,
2002-06,7.271B,7.324B,5.19B,2.134B,798.00M,305.00M,53.00M,,,,,1.103B,1.031B,,,,53.00M,,890.00M,266.00M,624.00M,,-45.00M,8.00M,624.00M,189.00M,1.031B,,2002-06,0.65,0.65,,2002-06,0.615,0.00,,2002-06,946.00M,,2002-06,,
2002-03,6.321B,6.374B,4.485B,1.889B,754.00M,338.00M,53.00M,,,,,1.092B,797.00M,,,,53.00M,,698.00M,198.00M,467.00M,,-33.00M,8.00M,467.00M,175.00M,797.00M,,2002-03,0.485,0.485,,2002-03,0.46,0.00,,2002-03,946.00M,,2002-03,,
2001-12,6.894B,6.974B,5.168B,1.806B,860.00M,301.00M,,,,,,1.161B,645.00M,,,,,,620.00M,161.00M,459.00M,,-29.00M,,345.00M,238.00M,645.00M,,2001-12,0.36,0.36,,2001-12,0.345,0.00,,2001-12,941.60M,,2001-12,AOR,Restated
2001-09,6.734B,6.92B,4.923B,1.997B,857.00M,318.00M,186.00M,,,,,1.175B,822.00M,,,,186.00M,,694.00M,129.00M,565.00M,,-28.00M,7.00M,565.00M,220.00M,822.00M,,2001-09,0.595,0.595,,2001-09,0.56,0.00,,2001-09,940.00M,,2001-09,,
2001-06,7.332B,7.332B,5.184B,2.148B,821.00M,338.00M,,,,,,1.159B,989.00M,,,,,,880.00M,261.00M,588.00M,,-31.00M,,588.00M,225.00M,989.00M,,2001-06,0.615,0.615,,2001-06,0.58,0.00,,2001-06,942.00M,,2001-06,,
2001-03,6.597B,6.671B,4.59B,2.081B,785.00M,297.00M,74.00M,,,,,1.304B,777.00M,,,,74.00M,,670.00M,204.00M,440.00M,,-26.00M,8.00M,440.00M,222.00M,777.00M,,2001-03,0.46,0.46,,2001-03,0.43,0.00,,2001-03,942.00M,,2001-03,,
2000-12,6.689B,7.066B,5.469B,1.597B,842.00M,350.00M,,,,,,553.00M,1.044B,,,,,,717.00M,194.00M,426.00M,,-19.00M,,426.00M,220.00M,1.044B,,2000-12,0.445,0.445,,2000-12,0.42,0.00,,2000-12,940.80M,,2000-12,,Restated
2000-09,6.339B,6.339B,4.315B,2.024B,761.00M,329.00M,126.00M,,,,,1.30B,724.00M,,,,126.00M,,726.00M,230.00M,496.00M,,-27.00M,8.00M,496.00M,210.00M,724.00M,,2000-09,0.52,0.52,,2000-09,0.49,0.00,,2000-09,936.00M,,2000-09,,
2000-06,6.871B,6.871B,4.77B,2.101B,787.00M,309.00M,90.00M,,,,,1.313B,788.00M,,,,90.00M,,761.00M,252.00M,509.00M,,-24.00M,8.00M,509.00M,217.00M,788.00M,,2000-06,0.535,0.535,,2000-06,0.50,0.00,,2000-06,940.00M,,2000-06,,
2000-03,6.307B,6.307B,4.416B,1.891B,781.00M,314.00M,83.00M,,,,,1.307B,584.00M,,,,83.00M,,554.00M,177.00M,377.00M,,-27.00M,8.00M,377.00M,212.00M,584.00M,,2000-03,0.39,0.39,,2000-03,0.37,0.00,,2000-03,946.00M,,2000-03,,
1999-12,6.41B,6.41B,4.774B,1.636B,953.00M,406.00M,107.00M,,,,,1.589B,47.00M,,,,107.00M,,47.00M,-9.00M,56.00M,0.00,-22.00M,8.00M,56.00M,230.00M,47.00M,,1999-12,0.0506,0.0506,,1999-12,0.0506,0.00,,1999-12,949.09M,,1999-12,,
1999-09,6.068B,6.068B,4.648B,1.42B,786.00M,306.00M,59.00M,,,,,1.301B,119.00M,,,,59.00M,,92.00M,2.00M,90.00M,,-23.00M,9.00M,90.00M,209.00M,119.00M,,1999-09,0.0425,0.0425,,1999-09,0.04,0.00,,1999-09,1.92B,,1999-09,,
1999-06,5.984B,5.984B,4.15B,1.834B,693.00M,306.00M,57.00M,,,,,1.196B,638.00M,,,,57.00M,,613.00M,196.00M,417.00M,660.00M,-25.00M,8.00M,1.077B,197.00M,638.00M,,1999-06,0.2225,0.5825,,1999-06,0.2075,0.33,,1999-06,1.836B,,1999-06,,
1999-03,5.382B,5.382B,3.794B,1.588B,701.00M,274.00M,60.00M,,,,,1.158B,430.00M,,,,60.00M,,414.00M,136.00M,278.00M,30.00M,-21.00M,8.00M,308.00M,183.00M,430.00M,,1999-03,0.075,0.0838,,1999-03,0.0712,0.0075,,1999-03,3.608B,,1999-03,,
1998-12,6.009B,6.009B,4.239B,1.77B,760.00M,324.00M,-22.00M,,,,,1.27B,500.00M,,,,-22.00M,,401.00M,132.00M,269.00M,18.00M,-20.00M,9.00M,287.00M,186.00M,500.00M,,1998-12,0.2888,0.3088,,1998-12,0.2888,0.0200,,1998-12,900.21M,,1998-12,,
1998-09,5.71B,5.71B,3.986B,1.724B,639.00M,288.00M,-27.00M,,,,,1.143B,581.00M,,,,-27.00M,,485.00M,159.00M,326.00M,22.00M,-21.00M,8.00M,348.00M,184.00M,581.00M,,1998-09,0.0875,0.0938,,1998-09,0.0825,0.005,,1998-09,3.632B,,1998-09,,
1998-06,5.848B,5.848B,4.095B,1.753B,677.00M,279.00M,-17.00M,,,,,1.17B,583.00M,,,,-17.00M,,496.00M,163.00M,333.00M,27.00M,-25.00M,8.00M,360.00M,179.00M,583.00M,,1998-06,0.0888,0.0962,,1998-06,0.0838,0.0062,,1998-06,3.664B,,1998-06,,
