,OperatingRevenue,Revenue,CostofGoodsSold,GrossProfit,SG&AExpense,ResearchandDevelopmentExpense,SpecialIncomeandCharges,OperatingInterestExpense,OperatingInterestIncome,NetOperatingInterestIncome,OtherOperatingExpenses,TotalOperatingExpenses,OperatingIncome,Non-OperatingInterestIncome,Non-OperatingInterestExpense,NetNon-OperatingInterestIncomeExpense,OtherIncomeandExpenses,NetInterestIncome,Pre-TaxIncome,ProvisionforIncomeTaxes,IncomefromContinuingOperations,IncomefromDiscontinuedOperations,"ExtraordinaryItems,IncomeStatement",PreferredStockDividend,NetIncome,ReconciledDepreciation,EBIT,,BasicEPS(Quarterly),EPSBasicfromContinuingOperations,NormalizedBasicEPS,EPSBasic,,DilutedEPS(Quarterly),EPSDilutedfromContinuingOperations,NormalizedDilutedEPS,EPSDiluted,,AverageDilutedSharesOutstanding,DividendPerShare,,SECFilingLinks,AsOriginallyReported,Restated
2020-09,4.784B,4.784B,2.578B,2.206B,1.192B,299.00M,-82.00M,123.00M,2.00M,-121.00M,378.00M,1.869B,337.00M,2.00M,123.00M,-121.00M,-69.00M,-121.00M,143.00M,15.00M,128.00M,,,23.00M,128.00M,553.00M,266.00M,,2020-09,0.36,0.6127,0.36,,2020-09,0.36,0.6097,0.36,,293.92M,0.79,,2020-09,AOR,
2020-06,3.855B,3.855B,2.195B,1.66B,980.00M,262.00M,-74.00M,135.00M,2.00M,-133.00M,-15.00M,1.227B,433.00M,2.00M,135.00M,-133.00M,-51.00M,-133.00M,248.00M,-38.00M,286.00M,,,9.00M,286.00M,534.00M,383.00M,,2020-06,0.98,1.171,0.98,,2020-06,0.97,1.159,0.97,,285.15M,0.79,,2020-06,AOR,
2020-03,4.253B,4.253B,2.52B,1.733B,1.025B,264.00M,-75.00M,134.00M,2.00M,-132.00M,,1.289B,444.00M,2.00M,134.00M,-132.00M,-113.00M,-132.00M,200.00M,17.00M,183.00M,,,38.00M,183.00M,537.00M,334.00M,,2020-03,0.53,0.7823,0.53,,2020-03,0.53,0.7795,0.53,,275.04M,0.79,,2020-03,AOR,
2019-12,4.225B,4.225B,2.247B,1.978B,1.121B,270.00M,-86.00M,136.00M,1.00M,-135.00M,,1.391B,587.00M,1.00M,136.00M,-135.00M,-59.00M,-135.00M,394.00M,117.00M,277.00M,,,38.00M,278.00M,530.00M,530.00M,,2019-12,0.88,1.103,0.88,,2019-12,0.87,1.090,0.87,,274.95M,0.79,,2019-12,AOR,
2019-09,4.584B,4.584B,2.318B,2.266B,1.096B,270.00M,-217.00M,141.00M,4.00M,-137.00M,593.00M,1.959B,307.00M,4.00M,141.00M,-137.00M,-173.00M,-137.00M,-2.00M,-164.00M,162.00M,,,38.00M,162.00M,553.00M,139.00M,,2019-09,0.41,0.9954,0.41,,2019-09,0.41,0.9848,0.41,,275.57M,0.77,,2019-09,AOR,Restated
2019-06,4.35B,4.35B,2.276B,2.074B,1.076B,282.00M,-90.00M,156.00M,2.00M,-154.00M,,1.358B,716.00M,2.00M,156.00M,-154.00M,-101.00M,-154.00M,460.00M,9.00M,451.00M,,,38.00M,451.00M,574.00M,616.00M,,2019-06,1.53,1.856,1.53,,2019-06,1.51,1.832,1.51,,274.34M,0.77,,2019-06,AOR,Restated
2019-03,4.195B,4.195B,2.221B,1.974B,1.089B,252.00M,-101.00M,171.00M,18.00M,-153.00M,396.00M,1.737B,237.00M,18.00M,171.00M,-153.00M,-81.00M,-153.00M,3.00M,-17.00M,20.00M,,,38.00M,20.00M,563.00M,174.00M,,2019-03,-0.07,0.2032,-0.07,,2019-03,-0.07,0.2032,-0.07,,269.88M,0.77,,2019-03,AOR,Restated
2018-12,4.16B,4.16B,2.187B,1.973B,1.073B,258.00M,-91.00M,183.00M,,-183.00M,-335.00M,996.00M,977.00M,,183.00M,-183.00M,-81.00M,-183.00M,714.00M,115.00M,599.00M,,,38.00M,599.00M,563.00M,897.00M,,2018-12,2.09,2.374,2.09,,2018-12,2.05,2.328,2.05,,274.26M,0.77,,2018-12,AOR,Restated
2018-09,4.402B,4.402B,2.309B,2.093B,1.114B,277.00M,132.00M,181.00M,10.00M,-171.00M,,1.391B,702.00M,10.00M,181.00M,-171.00M,-118.00M,-171.00M,414.00M,549.00M,-135.00M,,,38.00M,-135.00M,566.00M,595.00M,,2018-09,-0.64,-0.9987,-0.64,,2018-09,-0.64,-0.9893,-0.64,,275.90M,0.75,,2018-09,AOR,Restated
2018-06,4.278B,4.278B,2.262B,2.016B,1.086B,277.00M,-142.00M,182.00M,8.00M,-174.00M,,1.363B,653.00M,8.00M,182.00M,-174.00M,168.00M,-174.00M,647.00M,53.00M,594.00M,,,38.00M,594.00M,568.00M,829.00M,,2018-06,2.08,2.567,2.08,,2018-06,2.03,2.506,2.03,,273.92M,0.75,,2018-06,AOR,Restated
2018-03,4.222B,4.222B,2.616B,1.606B,1.056B,259.00M,-104.00M,185.00M,4.00M,-181.00M,,1.315B,291.00M,4.00M,185.00M,-181.00M,-103.00M,-181.00M,6.00M,18.00M,-12.00M,,,38.00M,-12.00M,553.00M,191.00M,,2018-03,-0.19,0.0940,-0.19,,2018-03,-0.19,0.0940,-0.19,,267.34M,0.75,,2018-03,AOR,Restated
2017-12,3.08B,3.08B,1.527B,1.553B,773.00M,191.00M,-354.00M,158.00M,44.00M,-114.00M,,964.00M,589.00M,44.00M,158.00M,-114.00M,-370.00M,-114.00M,105.00M,241.00M,-136.00M,,,38.00M,-136.00M,291.00M,263.00M,,2017-12,-0.76,0.1633,-0.76,,2017-12,-0.76,0.1633,-0.76,,230.04M,0.75,,2017-12,AOR,Restated
2017-09,3.166B,3.166B,1.589B,1.577B,802.00M,216.00M,-114.00M,157.00M,45.00M,-112.00M,5.00M,1.023B,554.00M,45.00M,157.00M,-112.00M,-118.00M,-112.00M,326.00M,-1.00M,327.00M,,,38.00M,327.00M,286.00M,483.00M,,2017-09,1.27,1.570,1.27,,2017-09,1.24,1.533,1.24,,233.13M,0.73,,2017-09,AOR,Restated
2017-06,3.035B,3.035B,1.532B,1.503B,719.00M,186.00M,-112.00M,184.00M,19.00M,-165.00M,741.00M,1.646B,-143.00M,19.00M,184.00M,-165.00M,-97.00M,-165.00M,-404.00M,-271.00M,-132.00M,,,32.00M,-132.00M,279.00M,-220.00M,,2017-06,-0.75,-0.4946,-0.75,,2017-06,-0.75,-0.4946,-0.75,,220.81M,0.73,,2017-06,AOR,Restated
2017-03,2.969B,2.969B,1.537B,1.432B,724.00M,187.00M,-76.00M,86.00M,7.00M,-79.00M,,911.00M,521.00M,7.00M,86.00M,-79.00M,-81.00M,-79.00M,362.00M,18.00M,344.00M,,,,344.00M,261.00M,448.00M,,2017-03,1.61,1.944,1.61,,2017-03,1.58,1.907,1.58,,217.87M,0.73,,2017-03,AOR,Restated
2016-12,2.922B,2.922B,1.47B,1.452B,709.00M,182.00M,-129.00M,95.00M,5.00M,-90.00M,-336.00M,555.00M,897.00M,5.00M,95.00M,-90.00M,-116.00M,-90.00M,692.00M,131.00M,562.00M,,,,562.00M,262.00M,787.00M,,2016-12,2.64,3.146,2.64,,2016-12,2.58,3.075,2.58,,217.74M,0.73,,2016-12,AOR,Restated
2016-09,3.231B,3.231B,1.679B,1.552B,796.00M,253.00M,-407.00M,95.00M,7.00M,-88.00M,,1.049B,503.00M,7.00M,95.00M,-88.00M,-406.00M,-88.00M,9.00M,-10.00M,18.00M,,,,18.00M,273.00M,104.00M,,2016-09,0.09,1.239,0.09,,2016-09,0.09,1.212,0.09,,218.71M,0.66,,2016-09,AOR,Restated
2016-06,3.198B,3.198B,1.651B,1.547B,728.00M,207.00M,-96.00M,97.00M,5.00M,-92.00M,,935.00M,612.00M,5.00M,97.00M,-92.00M,-97.00M,-92.00M,422.00M,32.00M,390.00M,,,,390.00M,272.00M,519.00M,,2016-06,1.83,2.264,1.83,,2016-06,1.80,2.225,1.80,,217.37M,0.66,,2016-06,AOR,Restated
2016-03,3.067B,3.067B,1.584B,1.483B,732.00M,182.00M,-104.00M,99.00M,3.00M,-96.00M,,914.00M,569.00M,3.00M,99.00M,-96.00M,-98.00M,-96.00M,376.00M,38.00M,338.00M,,,,338.00M,280.00M,475.00M,,2016-03,1.59,2.018,1.59,,2016-03,1.56,1.980,1.56,,216.54M,0.66,,2016-03,AOR,Restated
2015-12,2.986B,2.986B,1.578B,1.408B,748.00M,187.00M,-121.00M,97.00M,6.00M,-91.00M,,935.00M,473.00M,6.00M,97.00M,-91.00M,-115.00M,-91.00M,266.00M,37.00M,229.00M,,,,229.00M,289.00M,363.00M,,2015-12,1.08,1.572,1.08,,2015-12,1.06,1.541,1.06,,216.29M,0.66,,2015-12,AOR,Restated
2015-09,3.06B,3.06B,1.63B,1.43B,757.00M,196.00M,-182.00M,99.00M,-5.00M,-104.00M,,953.00M,477.00M,-5.00M,99.00M,-104.00M,-184.00M,-104.00M,190.00M,9.00M,181.00M,,,,181.00M,315.00M,289.00M,,2015-09,0.86,1.681,0.86,,2015-09,0.84,1.638,0.84,,217.33M,0.60,,2015-09,AOR,Restated
2015-06,3.12B,3.12B,1.946B,1.174B,751.00M,178.00M,-108.00M,105.00M,2.00M,-103.00M,,929.00M,245.00M,2.00M,105.00M,-103.00M,-103.00M,-103.00M,39.00M,-23.00M,62.00M,,,,62.00M,299.00M,144.00M,,2015-06,0.30,0.6083,0.30,,2015-06,0.29,0.5915,0.29,,214.93M,0.60,,2015-06,AOR,Restated
2015-03,2.051B,2.051B,1.005B,1.046B,511.00M,129.00M,-113.00M,91.00M,8.00M,-83.00M,,640.00M,406.00M,8.00M,91.00M,-83.00M,-98.00M,-83.00M,225.00M,9.00M,216.00M,,,,216.00M,138.00M,316.00M,,2015-03,1.10,1.654,1.10,,2015-03,1.08,1.623,1.08,,199.94M,0.60,,2015-03,AOR,Restated
2014-12,2.051B,2.051B,1.006B,1.045B,544.00M,129.00M,-23.00M,76.00M,10.00M,-66.00M,,673.00M,372.00M,10.00M,76.00M,-66.00M,-21.00M,-66.00M,285.00M,50.00M,236.00M,,,,236.00M,139.00M,361.00M,,2014-12,1.22,1.319,1.22,,2014-12,1.20,1.296,1.20,,197.00M,0.60,,2014-12,AOR,Restated
2014-09,2.202B,2.202B,1.10B,1.102B,561.00M,140.00M,0.00,36.00M,10.00M,-26.00M,,701.00M,401.00M,10.00M,36.00M,-26.00M,1.00M,-26.00M,377.00M,76.00M,301.00M,,,,301.00M,149.00M,413.00M,,2014-09,1.56,1.56,1.56,,2014-09,1.53,1.53,1.53,,197.40M,0.545,,2014-09,AOR,Restated
2014-06,2.157B,2.157B,1.046B,1.111B,528.00M,137.00M,0.00,33.00M,12.00M,-21.00M,,665.00M,446.00M,12.00M,33.00M,-21.00M,-2.00M,-21.00M,423.00M,97.00M,326.00M,,,,326.00M,141.00M,456.00M,,2014-06,1.69,1.69,1.69,,2014-06,1.65,1.65,1.65,,197.00M,0.545,,2014-06,AOR,Restated
2014-03,2.072B,2.072B,1.019B,1.053B,525.00M,147.00M,0.00,33.00M,10.00M,-23.00M,,672.00M,381.00M,10.00M,33.00M,-23.00M,5.00M,-23.00M,363.00M,76.00M,287.00M,,,,287.00M,130.00M,396.00M,,2014-03,1.48,1.48,1.48,,2014-03,1.45,1.45,1.45,,197.49M,0.545,,2014-03,AOR,Restated
2013-12,2.015B,2.015B,980.00M,1.035B,531.00M,126.00M,0.00,34.00M,14.00M,-20.00M,,657.00M,378.00M,14.00M,34.00M,-20.00M,1.00M,-20.00M,359.00M,88.00M,271.00M,,,,271.00M,142.00M,393.00M,,2013-12,1.40,1.40,1.40,,2013-12,1.37,1.37,1.37,,198.11M,0.545,,2013-12,AOR,Restated
2013-09,2.101B,2.101B,1.014B,1.087B,877.00M,132.00M,,34.00M,14.00M,-20.00M,,1.009B,78.00M,14.00M,34.00M,-20.00M,3.00M,-20.00M,60.00M,-31.00M,91.00M,0.00,,,90.00M,142.00M,94.00M,,2013-09,0.47,0.47,0.46,,2013-09,0.46,0.46,0.46,,199.44M,0.495,,2013-09,AOR,Restated
2013-06,2.053B,2.053B,993.00M,1.06B,534.00M,121.00M,,35.00M,6.00M,-29.00M,,655.00M,405.00M,6.00M,35.00M,-29.00M,3.00M,-29.00M,379.00M,87.00M,292.00M,10.00M,,,302.00M,139.00M,414.00M,,2013-06,1.50,1.50,1.55,,2013-06,1.47,1.47,1.52,,198.72M,0.495,,2013-06,AOR,Restated
2013-03,2.00B,2.00B,982.00M,1.018B,515.00M,122.00M,,35.00M,12.00M,-23.00M,,637.00M,381.00M,12.00M,35.00M,-23.00M,2.00M,-23.00M,360.00M,84.00M,276.00M,0.00,,,276.00M,136.00M,395.00M,,2013-03,1.42,1.42,1.42,,2013-03,1.39,1.39,1.39,,198.14M,0.495,,2013-03,AOR,Restated
2012-12,1.90B,1.90B,894.00M,1.006B,496.00M,118.00M,,35.00M,8.00M,-27.00M,,614.00M,392.00M,8.00M,35.00M,-27.00M,1.00M,-27.00M,366.00M,95.00M,270.00M,355.00M,,,625.00M,129.00M,401.00M,,2012-12,1.38,1.38,3.18,,2012-12,1.35,1.35,3.13,,199.57M,0.495,,2012-12,AOR,Restated
2012-09,1.967B,1.967B,965.96M,1.001B,483.91M,128.03M,,35.63M,11.62M,-24.01M,,611.94M,388.90M,11.62M,35.63M,-24.01M,-3.392M,-24.01M,361.49M,87.74M,274.75M,14.36M,,,289.12M,127.44M,397.12M,,2012-09,1.35,1.35,1.45,,2012-09,1.35,1.35,1.43,,202.96M,0.45,,2012-09,AOR,Restated
2012-06,1.981B,1.981B,947.40M,1.033B,469.13M,114.99M,,34.85M,6.253M,-28.60M,,584.12M,449.02M,6.253M,34.85M,-28.60M,-1.881M,-28.60M,418.54M,106.96M,311.58M,15.28M,,,326.87M,122.84M,453.39M,,2012-06,1.54,1.54,1.62,,2012-06,1.52,1.52,1.59,,205.29M,0.45,,2012-06,AOR,Restated
2012-03,1.929B,1.929B,941.18M,987.78M,487.69M,116.75M,,35.14M,16.68M,-18.46M,,604.45M,383.33M,16.68M,35.14M,-18.46M,4.657M,-18.46M,369.52M,94.40M,275.12M,15.91M,,,291.03M,127.79M,404.66M,,2012-03,1.33,1.33,1.41,,2012-03,1.31,1.31,1.39,,209.80M,0.45,,2012-03,AOR,Restated
2011-12,1.832B,1.832B,900.46M,931.26M,482.27M,112.23M,,29.38M,15.45M,-13.93M,,594.50M,336.76M,15.45M,29.38M,-13.93M,-0.385M,-13.93M,322.44M,73.90M,248.54M,14.44M,,,262.98M,132.93M,351.82M,,2011-12,1.16,1.16,1.23,,2011-12,1.14,1.14,1.21,,217.63M,0.45,,2011-12,AOR,Restated
2011-09,1.988B,1.988B,970.92M,1.017B,480.05M,125.01M,,22.32M,1.706M,-20.61M,,605.06M,412.16M,1.706M,22.32M,-20.61M,1.436M,-20.61M,393.99M,108.82M,285.16M,14.82M,,,299.98M,129.24M,416.30M,,2011-09,1.32,1.32,1.39,,2011-09,1.29,1.29,1.36,,221.77M,0.41,,2011-09,AOR,Restated
2011-06,1.952B,1.952B,922.65M,1.029B,467.97M,114.08M,-1.318M,22.21M,11.51M,-10.70M,,582.05M,447.19M,11.51M,22.21M,-10.70M,-1.318M,-10.70M,435.17M,113.63M,321.54M,21.52M,,,343.06M,119.36M,457.38M,,2011-06,1.47,1.474,1.57,,2011-06,1.44,1.444,1.53,,223.57M,0.41,,2011-06,AOR,Restated
2011-03,1.922B,1.922B,920.59M,1.001B,441.94M,119.15M,-2.522M,23.92M,14.56M,-9.357M,,561.09M,440.34M,14.56M,23.92M,-9.357M,-2.522M,-9.357M,428.46M,117.40M,311.06M,0.957M,,,312.02M,122.20M,452.38M,,2011-03,1.41,1.418,1.41,,2011-03,1.38,1.388,1.38,,225.47M,0.41,,2011-03,AOR,Restated
2010-12,1.842B,1.842B,865.43M,976.57M,447.95M,115.54M,-4.596M,15.55M,15.22M,-0.331M,,563.50M,413.08M,15.22M,15.55M,-0.331M,-4.596M,-0.331M,408.15M,93.88M,314.28M,1.661M,,,315.94M,123.19M,423.70M,,2010-12,1.38,1.396,1.39,,2010-12,1.35,1.365,1.36,,232.92M,0.41,,2010-12,AOR,Restated
2010-09,1.625B,1.625B,786.06M,839.19M,407.72M,115.38M,,12.28M,14.59M,2.316M,,523.09M,316.10M,14.59M,12.28M,2.316M,1.285M,2.316M,319.70M,88.14M,231.56M,165.14M,,,396.70M,112.85M,331.98M,,2010-09,1.01,1.01,1.71,,2010-09,0.98,0.98,1.67,,237.09M,0.37,,2010-09,AOR,Restated
2010-06,1.831B,1.831B,883.43M,947.48M,416.47M,108.05M,1.402M,13.08M,2.094M,-10.99M,,524.52M,422.96M,2.094M,13.08M,-10.99M,1.402M,-10.99M,413.37M,119.21M,294.16M,12.75M,,,306.91M,129.56M,426.46M,,2010-06,1.26,1.256,1.32,,2010-06,1.23,1.226,1.29,,238.32M,0.37,,2010-06,AOR,Restated
2010-03,1.799B,1.799B,864.49M,934.92M,421.08M,100.19M,0.164M,12.91M,9.652M,-3.261M,,521.27M,413.65M,9.652M,12.91M,-3.261M,0.164M,-3.261M,410.55M,125.52M,285.03M,12.60M,,,297.63M,125.26M,423.46M,,2010-03,1.21,1.210,1.26,,2010-03,1.18,1.180,1.24,,240.86M,0.37,,2010-03,AOR,Restated
2009-12,1.869B,1.869B,894.32M,974.49M,445.67M,99.15M,-2.354M,12.99M,8.789M,-4.198M,,544.82M,429.67M,8.789M,12.99M,-4.198M,-2.354M,-4.198M,423.12M,119.02M,304.09M,12.28M,,,316.38M,123.75M,436.10M,,2009-12,1.28,1.287,1.33,,2009-12,1.25,1.257,1.30,,242.96M,0.37,,2009-12,AOR,Restated
2009-09,1.724B,1.724B,825.99M,897.59M,408.48M,110.18M,-3.312M,13.78M,14.42M,0.636M,,518.66M,378.94M,14.42M,13.78M,0.636M,-3.312M,0.636M,376.26M,116.21M,260.05M,57.17M,,,317.22M,112.36M,390.04M,,2009-09,1.08,1.090,1.32,,2009-09,1.06,1.069,1.29,,245.94M,0.33,,2009-09,AOR,Restated
2009-06,1.820B,1.820B,860.06M,960.19M,429.94M,98.49M,-4.247M,11.29M,12.77M,1.479M,,528.43M,431.76M,12.77M,11.29M,1.479M,-4.247M,1.479M,429.00M,90.29M,338.70M,2.323M,,,341.03M,118.45M,440.28M,,2009-06,1.41,1.424,1.42,,2009-06,1.38,1.394,1.39,,245.70M,0.33,,2009-06,AOR,Restated
2009-03,1.725B,1.725B,829.35M,895.62M,436.36M,98.59M,-5.701M,7.495M,4.312M,-3.183M,,534.95M,360.67M,4.312M,7.495M,-3.183M,-5.701M,-3.183M,351.79M,92.61M,259.17M,2.115M,,,261.29M,117.33M,359.28M,,2009-03,1.08,1.097,1.09,,2009-03,1.05,1.067,1.06,,245.89M,0.33,,2009-03,AOR,Restated
2008-12,1.718B,1.718B,796.27M,921.64M,406.02M,97.31M,9.411M,7.824M,1.651M,-6.173M,,503.33M,418.31M,1.651M,7.824M,-6.173M,9.411M,-6.173M,421.55M,112.13M,309.42M,2.649M,,,312.07M,116.46M,429.37M,,2008-12,1.28,1.252,1.29,,2008-12,1.25,1.222,1.26,,248.31M,0.33,,2008-12,,Restated
2008-09,1.755B,1.755B,845.82M,908.84M,417.78M,108.00M,-1.736M,,,,,525.78M,383.06M,,,,-1.736M,,379.32M,107.39M,271.93M,10.25M,,,282.18M,124.01M,420.94M,,2008-09,1.12,1.125,1.15,,2008-09,1.08,1.085,1.12,,251.89M,0.285,,2008-09,,Restated
2008-06,1.868B,1.868B,917.36M,950.22M,440.59M,100.07M,-1.285M,,,,,540.66M,409.57M,,,,-1.285M,,410.22M,112.81M,297.41M,-0.32M,,,297.09M,121.05M,409.57M,,2008-06,1.22,1.224,1.22,,2008-06,1.18,1.184,1.18,,251.65M,0.285,,2008-06,,
2008-03,1.747B,1.747B,853.81M,893.12M,415.52M,96.03M,0.828M,,,,,511.56M,381.56M,,,,0.828M,,382.30M,106.66M,275.64M,0.55M,,,276.18M,116.85M,381.56M,,2008-03,1.13,1.128,1.13,,2008-03,1.09,1.088,1.09,,253.38M,0.285,,2008-03,,
2007-12,1.706B,1.706B,829.85M,875.92M,421.72M,91.53M,0.707M,,,,,513.24M,362.68M,,,,0.707M,,366.57M,95.68M,270.90M,0.652M,,,271.55M,115.21M,362.68M,,2007-12,1.11,1.108,1.11,,2007-12,1.07,1.068,1.07,,253.78M,0.285,,2007-12,,
2007-09,1.651B,1.651B,807.38M,843.72M,399.52M,100.43M,-4.334M,,,,,499.96M,343.77M,,,,-4.334M,,338.25M,89.14M,249.11M,10.70M,,,259.81M,117.78M,343.77M,,2007-09,1.03,1.043,1.06,,2007-09,0.98,0.9925,1.02,,254.64M,0.245,,2007-09,,
2007-06,1.631B,1.631B,791.07M,840.09M,412.16M,92.99M,-5.62M,,,,,505.16M,334.93M,,,,-5.62M,,329.65M,89.18M,240.47M,4.34M,,,244.81M,112.54M,334.93M,,2007-06,0.98,0.9967,1.00,,2007-06,0.95,0.9661,0.96,,255.01M,0.245,,2007-06,,
2007-03,1.576B,1.576B,764.54M,811.38M,406.63M,86.69M,5.872M,,,,,493.32M,318.06M,,,,5.872M,,321.34M,85.80M,235.54M,6.994M,,,242.53M,109.95M,318.06M,,2007-03,0.96,0.9424,0.99,,2007-03,0.92,0.9031,0.95,,255.30M,0.245,,2007-03,,
2006-12,1.502B,1.502B,708.93M,792.59M,384.08M,194.68M,-2.368M,,,,,578.76M,213.83M,,,,-2.368M,,214.71M,83.66M,131.05M,11.83M,,,142.88M,101.08M,213.83M,,2006-12,0.53,0.5359,0.58,,2006-12,0.51,0.5157,0.56,,255.14M,0.245,,2006-12,,
2006-09,1.463B,1.463B,709.04M,753.58M,378.25M,82.40M,-4.763M,,,,,460.65M,292.93M,,,,-4.763M,,289.60M,72.72M,216.88M,-42.90M,,,173.98M,106.12M,292.93M,,2006-09,0.88,0.8944,0.70,,2006-09,0.85,0.8639,0.68,,255.94M,0.215,,2006-09,,
2006-06,1.457B,1.457B,719.52M,737.83M,374.56M,76.70M,-2.386M,,,,,451.26M,286.57M,,,,-2.386M,,280.90M,69.83M,211.07M,-4.697M,,,206.37M,99.18M,286.57M,,2006-06,0.86,0.8673,0.84,,2006-06,0.83,0.8370,0.81,,254.78M,0.215,,2006-06,,
2006-03,1.424B,1.424B,698.77M,725.44M,346.32M,127.72M,-0.451M,,,,,474.04M,251.41M,,,,-0.451M,,248.14M,84.68M,163.46M,-9.39M,,,154.07M,97.87M,251.41M,,2006-03,0.66,0.6612,0.62,,2006-03,0.63,0.6312,0.60,,256.78M,0.215,,2006-03,,
2005-12,1.394B,1.394B,665.95M,727.90M,349.03M,68.36M,-1.163M,,,,,417.39M,310.51M,,,,-1.163M,,307.26M,83.56M,223.70M,-5.842M,,,217.86M,99.16M,310.51M,,2005-12,0.90,0.9034,0.88,,2005-12,0.87,0.8733,0.85,,256.31M,0.215,,2005-12,,
2005-09,1.379B,1.379B,662.75M,716.73M,376.51M,76.55M,-0.977M,,,,,454.06M,262.67M,,,,-0.977M,,260.68M,139.10M,121.58M,27.52M,,0.00,149.09M,99.27M,262.67M,,2005-09,0.61,0.6124,0.60,,2005-09,0.59,0.5923,0.58,,257.79M,0.18,,2005-09,,
2005-06,1.381B,1.381B,686.76M,694.54M,365.92M,67.00M,-0.984M,,,,,432.92M,261.62M,,,,-0.984M,,257.08M,67.27M,189.80M,-0.133M,,,189.67M,95.19M,261.62M,,2005-06,0.75,0.7529,0.75,,2005-06,0.73,0.7328,0.73,,259.82M,0.18,,2005-06,,
2005-03,1.366B,1.366B,678.02M,687.51M,366.34M,65.99M,-2.242M,,,,,432.33M,255.18M,,,,-2.242M,,248.39M,61.88M,186.51M,1.641M,,,188.15M,98.36M,255.18M,,2005-03,0.74,0.7466,0.74,,2005-03,0.71,0.7164,0.72,,261.32M,0.18,,2005-03,,
2004-12,1.288B,1.288B,634.50M,653.87M,341.09M,62.08M,-2.861M,,,,,403.17M,250.70M,,,,-2.861M,,238.71M,44.32M,194.40M,0.953M,,0.367M,195.35M,94.69M,250.70M,,2004-12,0.77,0.7793,0.78,,2004-12,0.74,0.7490,0.75,,259.98M,0.18,,2004-12,,
2004-09,1.253B,1.253B,620.98M,632.30M,320.27M,58.71M,-0.161M,,,,0.00,378.98M,253.32M,,,,-0.161M,,244.57M,61.24M,183.33M,-115.89M,,0.51M,67.44M,90.23M,253.32M,,2004-09,0.28,0.2805,0.27,,2004-09,0.26,0.2605,0.26,,260.07M,0.15,,2004-09,,
2004-06,1.243B,1.243B,615.61M,627.10M,332.74M,58.50M,-100.60M,,,,100.00M,491.24M,135.86M,,,,-100.60M,,131.14M,20.98M,110.16M,-0.766M,,0.52M,109.40M,85.57M,135.86M,,2004-06,0.43,0.7638,0.43,,2004-06,0.41,0.7282,0.41,,265.55M,0.15,,2004-06,,
2004-03,1.254B,1.254B,629.52M,624.12M,334.36M,60.16M,-3.119M,,,,,394.52M,229.60M,,,,-3.119M,,218.52M,54.44M,164.08M,1.077M,,0.535M,165.16M,91.11M,229.60M,,2004-03,0.65,0.6592,0.65,,2004-03,0.62,0.6288,0.62,,265.52M,0.15,,2004-03,,
2003-12,1.185B,1.185B,634.26M,550.86M,324.10M,58.29M,-0.911M,,,,,382.38M,168.48M,,,,-0.911M,,158.64M,33.72M,124.92M,0.477M,,0.55M,125.40M,90.32M,168.48M,,2003-12,0.49,0.4929,0.50,,2003-12,0.48,0.4828,0.48,,260.11M,0.15,,2003-12,,
2003-09,1.112B,1.112B,545.78M,566.67M,289.95M,44.32M,1.074M,,,,,334.26M,232.40M,,,,1.074M,,223.87M,54.64M,169.23M,,,0.565M,161.36M,76.13M,232.40M,,2003-09,0.66,0.6568,0.63,,2003-09,0.64,0.6369,0.61,,263.71M,0.10,,2003-09,,
2003-06,1.165B,1.165B,622.39M,542.98M,308.48M,60.04M,-2.036M,,,,,368.52M,174.46M,,,,-2.036M,,162.77M,32.75M,130.02M,,,0.578M,130.02M,91.50M,174.46M,,2003-06,0.51,0.5164,0.51,,2003-06,0.49,0.4962,0.49,,264.16M,0.10,,2003-06,,
2003-03,1.134B,1.134B,578.43M,555.61M,298.80M,60.03M,-1.847M,,,,,358.83M,196.78M,,,,-1.847M,,186.28M,44.24M,142.04M,,,0.595M,142.04M,86.05M,196.78M,,2003-03,0.56,0.5656,0.56,,2003-03,0.54,0.5454,0.54,,261.94M,0.10,,2003-03,,
2002-12,1.052B,1.052B,550.04M,501.61M,284.18M,59.84M,0.084M,,,,,344.03M,157.58M,,,,0.084M,,149.03M,35.40M,113.64M,,,0.606M,113.64M,82.08M,157.58M,,2002-12,0.44,0.4398,0.44,,2002-12,0.43,0.4298,0.43,,262.87M,0.10,,2002-12,,
2002-09,1.004B,1.004B,512.51M,491.47M,257.88M,42.62M,-13.96M,,,,0.00,300.50M,190.97M,,,,-13.96M,,170.86M,40.10M,130.77M,,,0.619M,131.40M,72.09M,190.97M,,2002-09,0.51,0.5517,0.51,,2002-09,0.50,0.5410,0.50,,260.71M,0.0975,,2002-09,,
2002-06,998.46M,998.46M,514.07M,484.39M,253.86M,53.04M,-10.26M,,,,11.57M,318.46M,165.92M,,,,-10.26M,,158.56M,38.83M,119.72M,,,0.634M,119.72M,78.80M,165.92M,,2002-06,0.46,0.4899,0.46,,2002-06,0.44,0.4686,0.44,,270.66M,0.0975,,2002-06,,
2002-03,1.013B,1.013B,523.13M,489.84M,247.66M,56.31M,-9.445M,,,,9.937M,313.91M,175.93M,,,,-9.445M,,167.58M,38.39M,129.19M,,,0.646M,129.19M,72.72M,175.93M,,2002-03,0.50,0.5283,0.50,,2002-03,0.48,0.5072,0.48,,267.80M,0.0975,,2002-03,,
2001-12,944.95M,944.95M,499.76M,445.18M,248.29M,55.24M,-1.616M,,,,,303.53M,141.65M,,,,-1.616M,,130.47M,30.79M,99.67M,,,0.654M,99.67M,72.96M,141.65M,,2001-12,0.38,0.3847,0.38,,2001-12,0.37,0.3746,0.37,,267.62M,0.0975,,2001-12,,
2001-09,995.64M,995.64M,497.74M,497.90M,257.38M,51.50M,-8.09M,,,,,308.89M,189.01M,,,,-8.09M,,173.22M,40.82M,132.41M,,0.00,0.663M,132.41M,73.26M,189.01M,,2001-09,0.51,0.5338,0.37,,2001-09,0.49,0.5133,0.35,,265.88M,0.095,,2001-09,,
2001-06,943.29M,943.29M,474.89M,468.40M,248.71M,53.10M,-0.367M,,,,,301.81M,166.58M,,,,-0.367M,,153.06M,34.93M,118.13M,,,0.672M,118.13M,77.38M,166.58M,,2001-06,0.46,0.4611,0.46,,2001-06,0.44,0.4410,0.44,,269.65M,0.095,,2001-06,,
2001-03,961.18M,961.18M,487.62M,473.56M,241.91M,54.50M,-5.418M,,,,,296.41M,177.16M,,,,-5.418M,,155.74M,37.38M,118.36M,,,0.685M,118.36M,79.74M,177.16M,,2001-03,0.46,0.4761,0.46,,2001-03,0.44,0.4554,0.44,,267.45M,0.095,,2001-03,,
2000-12,864.42M,864.42M,453.92M,410.50M,235.29M,52.73M,-2.059M,,,,,288.02M,122.48M,,,,-2.059M,,101.86M,28.16M,73.70M,,-36.75M,0.701M,36.95M,75.32M,122.48M,,2000-12,0.24,0.2459,0.24,,2000-12,0.23,0.2356,0.23,,266.24M,0.0925,,2000-12,,
2000-09,919.90M,919.90M,397.06M,522.84M,247.23M,52.66M,-44.00M,,,,,373.39M,149.45M,,,,-44.00M,,91.57M,7.556M,84.01M,,,0.713M,84.01M,73.50M,149.45M,,2000-09,0.32,0.476,0.32,,2000-09,0.32,0.4749,0.32,,260.57M,0.0925,,2000-09,,
2000-06,914.14M,914.14M,380.55M,533.59M,248.77M,60.20M,27.74M,,,,,382.26M,151.33M,,,,27.74M,,161.51M,47.09M,114.42M,,,0.725M,114.42M,73.29M,151.33M,,2000-06,0.45,0.3722,0.45,,2000-06,0.43,0.3557,0.43,,264.40M,0.0925,,2000-06,,
2000-03,925.13M,925.13M,398.67M,526.46M,244.06M,57.18M,36.40M,,,,,376.56M,149.91M,,,,36.40M,,165.11M,45.94M,119.17M,,,0.732M,119.17M,69.07M,149.91M,,2000-03,0.47,0.3658,0.47,,2000-03,0.45,0.3502,0.45,,263.38M,0.0925,,2000-03,,
1999-12,859.20M,859.20M,377.60M,481.60M,233.80M,53.70M,1.70M,,,,,359.90M,121.70M,,,,1.70M,,101.80M,26.50M,75.30M,,,0.70M,75.30M,72.40M,121.70M,,1999-12,0.30,0.2949,0.30,,1999-12,0.29,0.2851,0.29,,257.24M,0.0925,,1999-12,,
1999-09,902.47M,902.47M,367.80M,534.67M,243.90M,86.70M,-1.70M,,,,,398.20M,136.47M,,,,-1.70M,,116.10M,39.80M,76.30M,,,0.70M,76.30M,67.60M,136.47M,,1999-09,0.30,0.3044,0.30,,1999-09,0.29,0.2943,0.29,,260.46M,0.085,,1999-09,,
1999-06,873.00M,873.00M,398.50M,474.50M,231.90M,50.70M,-76.90M,,,,,345.40M,129.10M,,,,-76.90M,,35.30M,2.20M,33.10M,,,0.80M,33.10M,62.80M,129.10M,,1999-06,0.13,0.4202,0.13,,1999-06,0.12,0.3879,0.12,,269.17M,0.085,,1999-06,,
1999-03,874.10M,874.10M,363.50M,510.60M,233.00M,67.30M,1.50M,,,,,366.10M,144.50M,,,,1.50M,,127.10M,37.00M,90.10M,,,0.80M,90.10M,65.80M,144.50M,,1999-03,0.36,0.3557,0.36,,1999-03,0.34,0.3360,0.34,,262.65M,0.085,,1999-03,,
1998-12,769.00M,769.00M,323.00M,446.00M,223.10M,49.30M,1.00M,,,,,335.10M,110.90M,,,,1.00M,,94.00M,17.80M,76.20M,,,0.80M,76.20M,62.70M,110.90M,,1998-12,0.30,0.2968,0.30,,1998-12,0.29,0.2869,0.29,,260.00M,0.085,,1998-12,,
1998-09,843.30M,843.30M,343.30M,500.00M,242.00M,48.60M,-1.10M,,,,,350.40M,149.60M,,,,-1.10M,,131.20M,41.30M,89.90M,,,0.80M,89.90M,59.80M,149.60M,,1998-09,0.36,0.3630,0.36,,1998-09,0.34,0.3429,0.34,,264.30M,0.0725,,1998-09,,
1998-06,833.60M,833.60M,358.80M,474.80M,234.40M,80.90M,-92.70M,,,,,375.50M,99.30M,,,,-92.70M,,-11.00M,-1.00M,-10.00M,,,0.80M,-10.00M,60.20M,99.30M,,1998-06,-0.04,0.2721,-0.04,,1998-06,-0.04,0.2721,-0.04,,270.00M,0.0725,,1998-06,,
