,OperatingRevenue,Revenue,CostofGoodsSold,GrossProfit,SalesandMarketingExpense,GeneralandAdministrativeExpense,SG&AExpense,ResearchandDevelopmentExpense,InvestmentWriteOff,SpecialIncomeandCharges,OperatingInterestExpense,OperatingInterestIncome,NetOperatingInterestIncome,OtherOperatingExpenses,TotalOperatingExpenses,OperatingIncome,Non-OperatingInterestIncome,Non-OperatingInterestExpense,NetNon-OperatingInterestIncomeExpense,OtherIncomeandExpenses,NetInterestIncome,Pre-TaxIncome,ProvisionforIncomeTaxes,IncomefromContinuingOperations,IncomefromDiscontinuedOperations,PreferredStockDividend,NetIncome,NormalizedIncome,EBITDA,ReconciledDepreciation,BasicEPS(Quarterly),EPSBasicfromContinuingOperations,EPSBasicfromDiscontinuedOperations,EPSBasicfromExtraordinaries,EPSBasicfromTaxLossCarryforward,,DilutedEPS(Quarterly),EPSDilutedfromContinuingOperations,EPSDilutedfromTaxLossCarryforward,NormalizedDilutedEPS,EPSDiluted,,SharesData(Quarterly),AverageBasicSharesOutstanding,AverageDilutedSharesOutstanding,DividendPerShare,,SECFilingLinks,AsOriginallyReported,Restated
2020-09,2.11B,2.11B,1.39B,720.00M,22.00M,96.00M,118.00M,1.00M,,-87.00M,111.00M,2.00M,-109.00M,6.00M,125.00M,595.00M,2.00M,111.00M,-109.00M,-94.00M,-109.00M,392.00M,109.00M,283.00M,,,283.00M,344.36M,618.00M,115.00M,2020-09,0.38,,,,,2020-09,0.38,,0.4620,0.38,,2020-09,747.00M,748.45M,0.00,,2020-09,AOR,
2020-06,1.631B,1.631B,1.283B,348.00M,18.00M,84.00M,102.00M,2.00M,,2.00M,103.00M,2.00M,-101.00M,6.00M,110.00M,238.00M,2.00M,103.00M,-101.00M,-5.00M,-101.00M,132.00M,60.00M,72.00M,,,72.00M,68.35M,352.00M,117.00M,2020-06,0.10,,,,,2020-06,0.10,,0.0951,0.10,,2020-06,746.90M,746.98M,0.00,,2020-06,AOR,
2020-03,1.728B,1.728B,1.382B,346.00M,22.00M,74.00M,96.00M,1.00M,,4.00M,85.00M,1.00M,-84.00M,5.00M,102.00M,244.00M,1.00M,85.00M,-84.00M,-13.00M,-84.00M,147.00M,-3.00M,150.00M,,,150.00M,152.92M,355.00M,123.00M,2020-03,0.20,,,,,2020-03,0.20,,0.2039,0.20,,2020-03,746.53M,747.16M,0.34,,2020-03,AOR,
2019-12,1.548B,1.548B,1.301B,247.00M,22.00M,94.00M,116.00M,2.00M,,36.00M,89.00M,8.00M,-81.00M,76.00M,194.00M,53.00M,8.00M,89.00M,-81.00M,15.00M,-81.00M,-13.00M,1.00M,-14.00M,,,-14.00M,-40.28M,204.00M,128.00M,2019-12,-0.02,,,,,2019-12,-0.02,,-0.0552,-0.02,,2019-12,745.88M,745.88M,0.34,,2019-12,AOR,
2019-09,1.671B,1.671B,1.399B,272.00M,20.00M,85.00M,105.00M,1.00M,,-25.00M,91.00M,6.00M,-85.00M,-62.00M,44.00M,228.00M,6.00M,91.00M,-85.00M,-41.00M,-85.00M,102.00M,3.00M,99.00M,,,99.00M,124.24M,328.00M,135.00M,2019-09,0.13,,,,,2019-09,0.13,,0.1638,0.13,,2019-09,745.63M,746.51M,0.34,,2019-09,AOR,Restated
2019-06,1.692B,1.692B,1.39B,302.00M,21.00M,80.00M,101.00M,2.00M,,-9.00M,91.00M,6.00M,-85.00M,6.00M,109.00M,193.00M,6.00M,91.00M,-85.00M,-17.00M,-85.00M,91.00M,-37.00M,128.00M,,,128.00M,133.11M,306.00M,124.00M,2019-06,0.17,,,,,2019-06,0.17,,0.1768,0.17,,2019-06,745.49M,746.23M,0.34,,2019-06,AOR,Restated
2019-03,1.643B,1.643B,1.322B,321.00M,21.00M,89.00M,110.00M,1.00M,,-25.00M,107.00M,10.00M,-97.00M,8.00M,119.00M,202.00M,10.00M,107.00M,-97.00M,-498.00M,-97.00M,-393.00M,-104.00M,-289.00M,,,-289.00M,-268.41M,-163.00M,123.00M,2019-03,-0.39,,,,,2019-03,-0.39,,-0.3624,-0.39,,2019-03,746.60M,746.60M,0.34,,2019-03,AOR,Restated
2018-12,1.636B,1.636B,1.345B,291.00M,22.00M,82.00M,104.00M,2.00M,,-4.00M,97.00M,24.00M,-73.00M,9.00M,115.00M,176.00M,24.00M,97.00M,-73.00M,-217.00M,-73.00M,-114.00M,-21.00M,-93.00M,,,-93.00M,-93.82M,108.00M,125.00M,2018-12,-0.12,,,,,2018-12,-0.12,,-0.1211,-0.12,,2018-12,748.63M,749.96M,0.34,,2018-12,AOR,Restated
2018-09,1.91B,1.91B,1.452B,458.00M,20.00M,78.00M,98.00M,2.00M,,-10.00M,93.00M,13.00M,-80.00M,9.00M,109.00M,349.00M,13.00M,93.00M,-80.00M,-29.00M,-80.00M,240.00M,-15.00M,255.00M,,,255.00M,263.76M,455.00M,122.00M,2018-09,0.34,,,,,2018-09,0.34,,0.3516,0.34,,2018-09,754.99M,757.39M,0.34,,2018-09,AOR,Restated
2018-06,2.065B,2.065B,1.447B,618.00M,23.00M,80.00M,103.00M,2.00M,,-8.00M,92.00M,11.00M,-81.00M,31.00M,136.00M,482.00M,11.00M,92.00M,-81.00M,-19.00M,-81.00M,382.00M,65.00M,317.00M,,,317.00M,321.98M,593.00M,119.00M,2018-06,0.42,,,,,2018-06,0.42,,0.4265,0.42,,2018-06,757.83M,760.53M,0.32,,2018-06,AOR,Restated
2018-03,1.865B,1.865B,1.348B,517.00M,23.00M,78.00M,101.00M,2.00M,,-5.00M,93.00M,12.00M,-81.00M,3.00M,106.00M,411.00M,12.00M,93.00M,-81.00M,-31.00M,-81.00M,299.00M,30.00M,269.00M,,,269.00M,275.30M,512.00M,120.00M,2018-03,0.35,,,,,2018-03,0.35,,0.3583,0.35,,2018-03,756.82M,759.46M,0.32,,2018-03,AOR,Restated
2017-12,1.823B,1.823B,1.316B,507.00M,21.00M,72.00M,93.00M,2.00M,,71.00M,96.00M,10.00M,-86.00M,8.00M,103.00M,404.00M,10.00M,96.00M,-86.00M,56.00M,-86.00M,374.00M,103.00M,271.00M,,,271.00M,219.55M,597.00M,127.00M,2017-12,0.36,0.00,,,,2017-12,0.36,,0.2922,0.36,,2017-12,755.44M,758.49M,0.32,,2017-12,AOR,Restated
2017-09,1.872B,1.872B,1.374B,498.00M,22.00M,75.00M,97.00M,4.00M,,-207.00M,98.00M,12.00M,-86.00M,-12.00M,89.00M,409.00M,12.00M,98.00M,-86.00M,-220.00M,-86.00M,103.00M,-27.00M,130.00M,,,130.00M,252.40M,333.00M,132.00M,2017-09,0.17,,,,,2017-09,0.17,,0.3317,0.17,,2017-09,753.54M,756.90M,0.31,,2017-09,AOR,Restated
2017-06,1.808B,1.808B,1.336B,472.00M,22.00M,76.00M,98.00M,4.00M,,-202.00M,100.00M,9.00M,-91.00M,11.00M,113.00M,359.00M,9.00M,100.00M,-91.00M,-210.00M,-91.00M,58.00M,34.00M,24.00M,,,24.00M,145.20M,287.00M,129.00M,2017-06,0.03,,,,,2017-06,0.03,,0.1902,0.03,,2017-06,752.63M,756.45M,0.31,,2017-06,AOR,Restated
2017-03,1.693B,1.693B,1.272B,421.00M,22.00M,87.00M,109.00M,4.00M,,-9.00M,99.00M,9.00M,-90.00M,3.00M,116.00M,305.00M,9.00M,99.00M,-90.00M,-34.00M,-90.00M,181.00M,24.00M,157.00M,,,157.00M,167.41M,413.00M,133.00M,2017-03,0.21,,,,,2017-03,0.21,,0.2238,0.21,,2017-03,750.66M,754.75M,0.31,,2017-03,AOR,Restated
2016-12,1.596B,1.596B,1.278B,318.00M,22.00M,85.00M,107.00M,5.00M,,-24.00M,108.00M,31.00M,-77.00M,3.00M,115.00M,203.00M,31.00M,108.00M,-77.00M,-39.00M,-77.00M,87.00M,25.00M,62.00M,489.00M,0.00,551.00M,82.67M,332.00M,137.00M,2016-12,0.09,0.65,,,,2016-12,0.08,,0.1074,0.73,,2016-12,749.06M,752.99M,0.31,,2016-12,AOR,Restated
2016-09,1.709B,1.709B,1.328B,381.00M,22.00M,80.00M,102.00M,5.00M,,-10.00M,114.00M,15.00M,-99.00M,2.00M,109.00M,272.00M,15.00M,114.00M,-99.00M,11.00M,-99.00M,184.00M,22.00M,162.00M,65.00M,,227.00M,171.68M,437.00M,139.00M,2016-09,0.22,0.08,,,,2016-09,0.21,,0.2228,0.30,,2016-09,749.59M,754.04M,0.31,,2016-09,AOR,Restated
2016-06,1.655B,1.655B,1.271B,384.00M,22.00M,94.00M,116.00M,4.00M,,-22.00M,114.00M,10.00M,-104.00M,-7.00M,113.00M,271.00M,10.00M,114.00M,-104.00M,-6.00M,-104.00M,161.00M,31.00M,130.00M,38.00M,11.00M,168.00M,148.57M,422.00M,147.00M,2016-06,0.16,0.05,,,,2016-06,0.16,,0.1848,0.21,,2016-06,743.14M,747.70M,0.31,,2016-06,AOR,Restated
2016-03,1.405B,1.405B,1.103B,302.00M,23.00M,79.00M,102.00M,5.00M,,-78.00M,95.00M,9.00M,-86.00M,-9.00M,98.00M,204.00M,9.00M,95.00M,-86.00M,-46.00M,-86.00M,72.00M,11.00M,61.00M,20.00M,11.00M,81.00M,116.07M,309.00M,142.00M,2016-03,0.08,0.03,,,,2016-03,0.08,,0.1667,0.11,,2016-03,632.00M,634.87M,0.31,,2016-03,AOR,Restated
2015-12,1.266B,1.266B,1.03B,236.00M,26.00M,68.00M,94.00M,6.00M,,-24.00M,87.00M,9.00M,-78.00M,-22.00M,78.00M,158.00M,9.00M,87.00M,-78.00M,-16.00M,-78.00M,64.00M,-22.00M,86.00M,-16.00M,11.00M,70.00M,104.00M,271.00M,120.00M,2015-12,0.11,0.00,,,,2015-12,0.11,,0.1450,0.11,,2015-12,511.12M,514.11M,0.31,,2015-12,AOR,Restated
2015-09,1.355B,1.355B,1.073B,282.00M,24.00M,55.00M,79.00M,4.00M,,-7.00M,87.00M,9.00M,-78.00M,6.00M,89.00M,193.00M,9.00M,87.00M,-78.00M,-27.00M,-78.00M,88.00M,-44.00M,132.00M,59.00M,11.00M,191.00M,148.20M,293.00M,118.00M,2015-09,0.24,0.11,,,,2015-09,0.23,,0.2613,0.35,,2015-09,514.30M,517.09M,0.31,,2015-09,AOR,Restated
2015-06,1.345B,1.345B,1.057B,288.00M,24.00M,63.00M,87.00M,5.00M,,-2.00M,85.00M,9.00M,-76.00M,2.00M,94.00M,194.00M,9.00M,85.00M,-76.00M,6.00M,-76.00M,124.00M,-1.00M,125.00M,19.00M,11.00M,144.00M,121.40M,327.00M,118.00M,2015-06,0.22,0.04,,,,2015-06,0.22,,0.2131,0.26,,2015-06,516.63M,519.80M,0.29,,2015-06,AOR,Restated
2015-03,1.727B,1.727B,1.385B,342.00M,28.00M,74.00M,102.00M,5.00M,,-17.00M,83.00M,9.00M,-74.00M,-11.00M,96.00M,246.00M,9.00M,83.00M,-74.00M,-52.00M,-74.00M,120.00M,19.00M,101.00M,,11.00M,101.00M,139.72M,326.00M,123.00M,2015-03,0.17,,,,,2015-03,0.17,,0.2434,0.17,,2015-03,523.43M,527.42M,0.29,,2015-03,AOR,Restated
2014-12,-126.00M,-126.00M,-181.00M,55.00M,14.00M,57.00M,71.00M,1.00M,,24.00M,84.00M,11.00M,-73.00M,33.00M,105.00M,-50.00M,11.00M,84.00M,-73.00M,11.00M,-73.00M,-112.00M,-77.00M,-35.00M,212.00M,11.00M,177.00M,-42.15M,97.00M,125.00M,2014-12,0.32,0.00,,,,2014-12,0.31,,0.2965,0.31,,2014-12,524.51M,529.09M,0.29,,2014-12,AOR,Restated
2014-09,1.915B,1.915B,1.504B,411.00M,28.00M,73.00M,101.00M,5.00M,,14.00M,88.00M,7.00M,-81.00M,-12.00M,94.00M,317.00M,7.00M,88.00M,-81.00M,1.00M,-81.00M,237.00M,39.00M,198.00M,966.00M,11.00M,1.164B,197.16M,448.00M,123.00M,2014-09,0.35,1.82,,,,2014-09,0.35,,0.3484,2.15,,2014-09,531.91M,536.01M,0.29,,2014-09,AOR,Restated
2014-06,1.964B,1.964B,1.499B,465.00M,27.00M,88.00M,115.00M,7.00M,,38.00M,83.00M,11.00M,-72.00M,-7.00M,115.00M,350.00M,11.00M,83.00M,-72.00M,50.00M,-72.00M,328.00M,59.00M,269.00M,22.00M,11.00M,291.00M,227.99M,537.00M,126.00M,2014-06,0.44,0.04,,,,2014-06,0.43,,0.3605,0.47,,2014-06,586.06M,589.77M,0.22,,2014-06,AOR,Restated
2014-03,1.736B,1.736B,1.361B,375.00M,28.00M,88.00M,116.00M,7.00M,,49.00M,83.00M,9.00M,-74.00M,-21.00M,102.00M,273.00M,9.00M,83.00M,-74.00M,35.00M,-74.00M,234.00M,50.00M,184.00M,10.00M,11.00M,194.00M,156.48M,443.00M,126.00M,2014-03,0.29,0.02,,,,2014-03,0.29,,0.2433,0.31,,2014-03,584.92M,589.31M,0.22,,2014-03,AOR,Restated
2013-12,1.768B,1.768B,1.412B,356.00M,29.00M,105.00M,134.00M,10.00M,,-381.00M,113.00M,15.00M,-98.00M,-15.00M,129.00M,227.00M,15.00M,113.00M,-98.00M,-381.00M,-98.00M,-252.00M,-270.00M,18.00M,36.00M,11.00M,54.00M,266.30M,-10.00M,129.00M,2013-12,0.07,0.07,,,,2013-12,0.07,,0.4917,0.07,,2013-12,583.80M,588.81M,0.22,,2013-12,AOR,Restated
2013-09,1.857B,1.857B,1.479B,378.00M,32.00M,98.00M,130.00M,8.00M,,0.00,94.00M,21.00M,-73.00M,-1.00M,137.00M,241.00M,21.00M,94.00M,-73.00M,2.00M,-73.00M,170.00M,24.00M,146.00M,21.00M,10.00M,167.00M,144.28M,384.00M,120.00M,2013-09,0.23,0.04,,,,2013-09,0.23,,0.2271,0.27,,2013-09,582.83M,587.18M,0.22,,2013-09,AOR,Restated
2013-06,1.874B,1.874B,1.453B,421.00M,31.00M,96.00M,127.00M,8.00M,,4.00M,80.00M,8.00M,-72.00M,-7.00M,128.00M,293.00M,8.00M,80.00M,-72.00M,3.00M,-72.00M,221.00M,36.00M,185.00M,13.00M,2.00M,198.00M,185.00M,412.00M,111.00M,2013-06,0.33,0.02,,,,2013-06,0.33,,0.33,0.35,,2013-06,552.86M,557.59M,0.20,,2013-06,AOR,Restated
2013-03,1.951B,1.951B,1.533B,418.00M,51.00M,118.00M,169.00M,7.00M,,2.00M,82.00M,11.00M,-71.00M,-16.00M,160.00M,258.00M,11.00M,82.00M,-71.00M,-2.00M,-71.00M,185.00M,41.00M,144.00M,,,144.00M,145.56M,379.00M,112.00M,2013-03,0.26,,,,,2013-03,0.26,,0.2628,0.26,,2013-03,545.23M,550.78M,0.17,,2013-03,AOR,Restated
2012-12,930.00M,930.00M,763.00M,167.00M,-22.00M,72.00M,50.00M,9.00M,,5.00M,84.00M,10.00M,-74.00M,-28.00M,31.00M,136.00M,10.00M,84.00M,-74.00M,3.00M,-74.00M,65.00M,-5.00M,70.00M,,,143.00M,69.05M,267.00M,118.00M,2012-12,0.26,0.00,,,,2012-12,0.26,,0.2564,0.26,,2012-12,542.12M,547.16M,0.17,,2012-12,AOR,Restated
2012-09,1.772B,1.772B,1.424B,348.00M,49.00M,107.00M,156.00M,8.00M,,-7.00M,87.00M,15.00M,-72.00M,-15.00M,149.00M,199.00M,15.00M,87.00M,-72.00M,3.00M,-72.00M,130.00M,13.00M,117.00M,,,117.00M,114.30M,329.00M,112.00M,2012-09,0.22,,,,,2012-09,0.22,,0.2150,0.22,,2012-09,539.09M,542.31M,0.15,,2012-09,AOR,Restated
2012-06,1.793B,1.793B,1.516B,277.00M,47.00M,95.00M,142.00M,8.00M,,54.00M,86.00M,11.00M,-75.00M,-4.00M,146.00M,131.00M,11.00M,86.00M,-75.00M,45.00M,-75.00M,101.00M,17.00M,84.00M,,,84.00M,46.57M,300.00M,113.00M,2012-06,0.16,,,,,2012-06,0.16,,0.0907,0.16,,2012-06,537.97M,540.03M,0.15,,2012-06,AOR,Restated
2012-03,1.494B,1.494B,1.29B,204.00M,42.00M,108.00M,150.00M,7.00M,,41.00M,87.00M,12.00M,-75.00M,-6.00M,151.00M,53.00M,12.00M,87.00M,-75.00M,48.00M,-75.00M,26.00M,-15.00M,41.00M,,,41.00M,9.80M,226.00M,113.00M,2012-03,0.08,,,,,2012-03,0.08,,0.0222,0.08,,2012-03,537.37M,539.73M,0.15,,2012-03,AOR,Restated
2011-12,1.615B,1.615B,1.317B,298.00M,,,149.00M,9.00M,,133.00M,88.00M,12.00M,-76.00M,137.00M,295.00M,3.00M,12.00M,88.00M,-76.00M,128.00M,-76.00M,55.00M,-10.00M,65.00M,0.00,,65.00M,-21.45M,260.00M,117.00M,2011-12,0.12,0.00,,,,2011-12,0.12,,-0.0407,0.12,,2011-12,536.42M,538.11M,0.15,,2011-12,AOR,Restated
2011-09,1.569B,1.569B,1.283B,286.00M,,,135.00M,7.00M,,-41.00M,86.00M,15.00M,-71.00M,3.00M,145.00M,141.00M,15.00M,86.00M,-71.00M,-41.00M,-71.00M,29.00M,-104.00M,133.00M,24.00M,,157.00M,159.65M,235.00M,120.00M,2011-09,0.25,0.04,,,,2011-09,0.2464,,0.2957,0.29,,2011-09,537.97M,539.83M,0.15,,2011-09,AOR,Restated
2011-06,1.61B,1.61B,1.343B,267.00M,,,145.00M,7.00M,,12.00M,117.00M,9.00M,-108.00M,,152.00M,115.00M,9.00M,117.00M,-108.00M,12.00M,-108.00M,19.00M,-4.00M,23.00M,-13.00M,,10.00M,15.20M,256.00M,120.00M,2011-06,0.04,-0.02,,,,2011-06,0.04,,0.0256,0.0185,,2011-06,538.60M,541.10M,0.15,,2011-06,AOR,Restated
2011-03,1.422B,1.422B,1.177B,245.00M,,,172.00M,7.00M,,7.00M,93.00M,11.00M,-82.00M,-163.00M,16.00M,229.00M,11.00M,93.00M,-82.00M,7.00M,-82.00M,154.00M,56.00M,98.00M,1.00M,,99.00M,93.55M,370.00M,123.00M,2011-03,0.18,0.00,,,,2011-03,0.18,,0.1718,0.18,,2011-03,537.14M,540.48M,0.15,,2011-03,AOR,Restated
2010-12,1.516B,1.516B,1.222B,294.00M,,,171.00M,10.00M,,-89.00M,96.00M,7.00M,-89.00M,-20.00M,161.00M,133.00M,7.00M,96.00M,-89.00M,-79.00M,-89.00M,-35.00M,-206.00M,171.00M,0.00,,171.00M,228.85M,188.00M,127.00M,2010-12,0.3190,0.00,,,,2010-12,0.3190,,0.4270,0.3190,,2010-12,535.98M,535.98M,0.05,,2010-12,AOR,Restated
2010-09,1.514B,1.514B,1.193B,321.00M,,,161.00M,8.00M,,-6.00M,95.00M,19.00M,-76.00M,-14.00M,155.00M,166.00M,19.00M,95.00M,-76.00M,-6.00M,-76.00M,84.00M,-1.028B,1.112B,4.00M,,1.116B,1.116B,303.00M,124.00M,2010-09,3.51,0.01,,,,2010-09,3.49,,3.502,3.50,,2010-09,317.37M,318.36M,0.05,,2010-09,AOR,Restated
2010-06,1.641B,1.641B,1.314B,327.00M,,,162.00M,8.00M,,-2.00M,155.00M,12.00M,-143.00M,,170.00M,157.00M,12.00M,155.00M,-143.00M,-2.00M,-143.00M,12.00M,4.00M,8.00M,6.00M,,14.00M,9.333M,293.00M,126.00M,2010-06,0.0148,0.0111,,,,2010-06,0.0140,,0.0163,0.0244,,2010-06,571.93M,573.29M,0.02,,2010-06,AOR,Restated
2010-03,1.419B,1.419B,1.232B,187.00M,,,163.00M,8.00M,,68.00M,106.00M,42.00M,-64.00M,,171.00M,16.00M,42.00M,106.00M,-64.00M,68.00M,-64.00M,20.00M,38.00M,-18.00M,,,-20.00M,-64.20M,252.00M,126.00M,2010-03,-0.037,0.00,,,,2010-03,-0.037,,-0.1143,-0.037,,2010-03,571.50M,571.50M,0.02,,2010-03,AOR,Restated
2009-12,1.455B,1.455B,1.662B,-207.00M,,,220.00M,13.00M,,-492.00M,118.00M,2.00M,-116.00M,-375.00M,-546.00M,339.00M,2.00M,118.00M,-116.00M,-505.00M,-116.00M,-282.00M,-101.00M,-181.00M,,,-175.00M,140.79M,-30.00M,134.00M,2009-12,-0.307,0.00,,,,2009-12,-0.307,,0.2458,-0.307,,2009-12,571.28M,571.28M,0.02,,2009-12,AOR,Restated
2009-09,1.407B,1.407B,1.137B,270.00M,52.00M,95.00M,147.00M,10.00M,0.00,-27.00M,115.00M,25.00M,-90.00M,-171.00M,120.00M,150.00M,25.00M,115.00M,-90.00M,-30.00M,-90.00M,30.00M,35.00M,-5.00M,,,0.00,17.55M,294.00M,149.00M,2009-09,0.00,0.00,,,,2009-09,0.00,,0.0307,0.00,,2009-09,571.28M,571.28M,0.02,,2009-09,AOR,Restated
2009-06,1.391B,1.391B,1.214B,177.00M,53.00M,100.00M,153.00M,15.00M,0.00,-146.00M,114.00M,23.00M,-91.00M,-177.00M,120.00M,57.00M,23.00M,114.00M,-91.00M,-135.00M,-91.00M,-148.00M,-32.00M,-116.00M,,,-106.00M,8.432M,95.00M,129.00M,2009-06,-0.20,0.00,,,,2009-06,-0.20,,0.0166,-0.20,,2009-06,528.39M,528.39M,0.10,,2009-06,AOR,Restated
2009-03,1.275B,1.275B,1.129B,146.00M,65.00M,124.00M,189.00M,13.00M,,-168.00M,115.00M,15.00M,-100.00M,6.00M,334.00M,-188.00M,15.00M,115.00M,-100.00M,-165.00M,-100.00M,-442.00M,-176.00M,-266.00M,,,-264.00M,-162.90M,-201.00M,126.00M,2009-03,-0.50,0.00,,,,2009-03,-0.50,,-0.3086,-0.50,,2009-03,528.24M,528.24M,0.10,,2009-03,AOR,Restated
2008-12,1.777B,1.777B,1.658B,119.00M,88.00M,101.00M,189.00M,15.00M,,-1.189B,26.00M,-72.00M,-98.00M,25.00M,373.00M,-254.00M,-72.00M,26.00M,-98.00M,-1.177B,-98.00M,-1.529B,-326.00M,-1.203B,-11.00M,,-1.212B,-265.51M,-1.359B,143.00M,2008-12,-2.272,-0.024,,,,2008-12,-2.272,,-0.5010,-2.296,,2008-12,528.23M,528.23M,0.24,,2008-12,AOR,Restated
2008-09,2.107B,2.107B,1.778B,329.00M,89.00M,135.00M,224.00M,14.00M,,-315.00M,136.00M,51.00M,-85.00M,-10.00M,380.00M,-51.00M,51.00M,136.00M,-85.00M,-290.00M,-85.00M,-426.00M,-221.00M,-205.00M,480.00M,,280.00M,4.75M,-138.00M,152.00M,2008-09,-0.376,0.908,,,,2008-09,-0.376,,0.0116,0.532,,2008-09,528.21M,528.21M,0.24,,2008-09,,Restated
2008-06,2.174B,2.174B,1.831B,343.00M,94.00M,152.00M,246.00M,18.00M,,-358.00M,140.00M,51.00M,-89.00M,-41.00M,374.00M,-31.00M,51.00M,140.00M,-89.00M,-354.00M,-89.00M,-474.00M,-214.00M,-260.00M,111.00M,,-96.00M,25.70M,-181.00M,153.00M,2008-06,-0.392,0.212,,,,2008-06,-0.392,,0.0486,-0.18,,2008-06,528.16M,528.16M,0.24,,2008-06,,Restated
2008-03,2.042B,2.042B,1.722B,320.00M,95.00M,177.00M,272.00M,17.00M,,-124.00M,108.00M,14.00M,-94.00M,39.00M,477.00M,-157.00M,14.00M,108.00M,-94.00M,-129.00M,-94.00M,-380.00M,-139.00M,-241.00M,87.00M,,-148.00M,-156.36M,-61.00M,211.00M,2008-03,-0.444,0.164,,,,2008-03,-0.444,,-0.2951,-0.28,,2008-03,527.99M,527.99M,0.24,,2008-03,,Restated
2007-12,7.929B,7.929B,6.371B,1.558B,,,595.00M,19.00M,,-135.00M,,,,-11.00M,1.052B,506.00M,,,,-154.00M,,259.00M,88.00M,171.00M,-233.00M,,-62.00M,260.13M,955.00M,221.00M,2007-12,-0.244,0.148,,,,2007-12,-0.244,,-0.0751,-0.096,,2007-12,527.84M,527.84M,0.24,,2007-12,,
2007-09,2.797B,2.797B,2.227B,570.00M,,,275.00M,18.00M,,-65.00M,,,,47.00M,501.00M,69.00M,,,,-51.00M,,-16.00M,-11.00M,-5.00M,106.00M,,101.00M,37.25M,305.00M,236.00M,2007-09,-0.008,0.196,,,,2007-09,-0.008,,0.0705,0.188,,2007-09,537.88M,537.88M,0.24,,2007-09,,
2007-06,4.334B,4.334B,3.50B,834.00M,,,380.00M,18.00M,,-42.00M,,,,40.00M,666.00M,168.00M,,,,-29.00M,,55.00M,18.00M,37.00M,-5.00M,,32.00M,65.25M,396.00M,228.00M,2007-06,0.068,-0.008,,,,2007-06,0.068,,0.1210,0.06,,2007-06,533.33M,533.33M,0.24,,2007-06,,
2007-03,2.665B,2.665B,2.172B,493.00M,,,306.00M,16.00M,,-48.00M,,,,45.00M,529.00M,-36.00M,,,,-31.00M,,-100.00M,-37.00M,-63.00M,783.00M,,720.00M,-32.76M,253.00M,289.00M,2007-03,-0.028,1.324,,,,2007-03,-0.028,,0.0239,1.296,,2007-03,583.10M,583.10M,0.24,,2007-03,,
2006-12,4.799B,4.799B,3.771B,1.028B,,,449.00M,15.00M,,381.00M,,,,-431.00M,293.00M,735.00M,,,,387.00M,,611.00M,202.00M,409.00M,98.00M,,507.00M,153.96M,1.076B,341.00M,2006-12,0.68,0.148,,,,2006-12,0.676,,0.2653,0.824,,2006-12,607.74M,621.05M,0.24,,2006-12,,
2006-09,4.554B,4.554B,3.577B,977.00M,,,399.00M,23.00M,,3.00M,,,,-24.00M,639.00M,338.00M,,,,17.00M,,252.00M,86.00M,166.00M,58.00M,,224.00M,164.02M,652.00M,314.00M,2006-09,0.268,0.096,,,,2006-09,0.268,,0.2648,0.364,,2006-09,615.38M,615.38M,0.24,,2006-09,,
2006-06,4.867B,4.867B,3.743B,1.124B,,,400.00M,15.00M,,-3.00M,,,,-15.00M,635.00M,489.00M,,,,18.00M,,401.00M,92.00M,309.00M,-11.00M,,298.00M,311.31M,802.00M,313.00M,2006-06,0.496,-0.016,,,,2006-06,0.492,,0.4957,0.476,,2006-06,620.83M,626.05M,0.20,,2006-06,,
2006-03,4.452B,4.452B,3.43B,1.022B,,,402.00M,16.00M,,-29.00M,,,,28.00M,682.00M,340.00M,,,,-5.00M,,280.00M,100.00M,180.00M,-756.00M,,-576.00M,198.64M,655.00M,315.00M,2006-03,0.292,-1.228,,,,2006-03,0.292,,0.3222,-0.936,,2006-03,614.48M,617.42M,0.20,,2006-03,,
2005-12,2.516B,2.516B,2.902B,-386.00M,,,278.00M,17.00M,,726.00M,,,,-605.00M,-316.00M,-70.00M,,,,734.00M,,202.00M,61.00M,141.00M,-352.00M,,-211.00M,-365.76M,268.00M,338.00M,2005-12,0.228,-0.572,,,,2005-12,0.224,,-0.5923,-0.348,,2005-12,609.14M,620.77M,0.20,,2005-12,,
2005-09,5.432B,5.432B,4.201B,1.231B,,,413.00M,18.00M,,4.00M,,,,41.00M,796.00M,435.00M,,,,20.00M,,406.00M,119.00M,287.00M,-2.00M,,285.00M,284.17M,768.00M,333.00M,2005-09,0.468,-0.004,,,,2005-09,0.468,,0.4634,0.464,,2005-09,614.22M,614.22M,0.20,,2005-09,,
2005-06,5.69B,5.69B,4.287B,1.403B,,,395.00M,12.00M,,35.00M,,,,6.00M,738.00M,665.00M,,,,52.00M,,516.00M,225.00M,291.00M,129.00M,,420.00M,270.00M,997.00M,332.00M,2005-06,0.48,0.208,,,,2005-06,0.476,,0.4418,0.684,,2005-06,610.47M,614.04M,0.20,,2005-06,,
2005-03,5.371B,5.371B,4.047B,1.324B,,,396.00M,14.00M,,-5.00M,,,,66.00M,802.00M,522.00M,,,,5.00M,,368.00M,129.00M,239.00M,,,239.00M,242.25M,856.00M,334.00M,2005-03,0.392,0.00,,,,2005-03,0.392,,0.3973,0.392,,2005-03,607.16M,610.46M,0.16,,2005-03,,
2004-12,5.613B,5.613B,4.282B,1.331B,,,423.00M,17.00M,,-10.00M,,,,55.00M,812.00M,519.00M,,,,4.00M,,313.00M,94.00M,219.00M,-20.00M,,199.00M,226.00M,853.00M,334.00M,2004-12,0.348,-0.028,,,,2004-12,0.348,,0.3596,0.32,,2004-12,605.74M,605.74M,0.16,,2004-12,,
2004-09,5.679B,5.679B,4.172B,1.507B,,,399.00M,13.00M,,298.00M,,,,-254.00M,477.00M,1.03B,,,,314.00M,,862.00M,293.00M,569.00M,25.00M,,594.00M,372.29M,1.359B,329.00M,2004-09,0.944,0.04,,,,2004-09,0.94,,0.6155,0.98,,2004-09,603.66M,606.12M,0.16,,2004-09,,
2004-06,5.728B,5.728B,4.215B,1.513B,,,404.00M,13.00M,,-13.00M,,,,47.00M,786.00M,727.00M,,,,14.00M,,559.00M,183.00M,355.00M,14.00M,,369.00M,363.74M,1.059B,332.00M,2004-06,0.604,0.024,,,,2004-06,0.604,,0.6189,0.628,,2004-06,587.58M,587.58M,0.16,,2004-06,,
2004-03,4.911B,4.911B,3.753B,1.158B,,,403.00M,12.00M,,-37.00M,,,,67.00M,801.00M,357.00M,,,,-28.00M,,169.00M,57.00M,112.00M,9.00M,,121.00M,136.52M,684.00M,327.00M,2004-03,0.20,0.016,,,,2004-03,0.20,,0.2436,0.216,,2004-03,559.32M,562.68M,0.16,,2004-03,,
2003-12,4.521B,4.521B,3.576B,945.00M,,,391.00M,17.00M,,118.00M,,,,-151.00M,571.00M,374.00M,,,,114.00M,,158.00M,51.00M,107.00M,,,92.00M,27.09M,730.00M,356.00M,2003-12,0.42,-0.232,0.00,,,2003-12,0.42,,0.2764,0.168,,2003-12,544.31M,556.36M,0.16,,2003-12,,
2003-09,5.184B,5.184B,4.022B,1.162B,,,408.00M,10.00M,,-56.00M,,,,93.00M,834.00M,328.00M,,,,-48.00M,,124.00M,42.00M,82.00M,,,82.00M,119.03M,651.00M,323.00M,2003-09,0.148,0.00,,,,2003-09,0.148,,0.2148,0.148,,2003-09,554.05M,554.05M,0.16,,2003-09,,
2003-06,4.93B,4.93B,3.927B,1.003B,,,349.00M,12.00M,,199.00M,,,,-111.00M,565.00M,438.00M,,,,209.00M,,238.00M,81.00M,157.00M,,,157.00M,25.73M,753.00M,315.00M,2003-06,0.284,0.00,,,,2003-06,0.284,,0.0467,0.284,,2003-06,552.82M,553.21M,0.16,,2003-06,,
2003-03,4.614B,4.614B,3.682B,932.00M,,,398.00M,12.00M,,-29.00M,,,,48.00M,782.00M,150.00M,,,,-29.00M,,-65.00M,-22.00M,-43.00M,,,-54.00M,-23.82M,474.00M,324.00M,2003-03,-0.076,-0.02,0.00,,,2003-03,-0.076,,-0.0413,-0.096,,2003-03,553.21M,553.21M,0.16,,2003-03,,
2002-12,4.718B,4.718B,3.648B,1.07B,,,379.00M,16.00M,,-4.00M,,,,-197.00M,540.00M,530.00M,,,,4.00M,,194.00M,68.00M,126.00M,,,126.00M,128.60M,872.00M,342.00M,2002-12,0.148,0.08,,,,2002-12,0.148,,0.1527,0.228,,2002-12,554.87M,554.87M,0.16,,2002-12,,
2002-09,4.89B,4.89B,3.96B,930.00M,,,354.00M,11.00M,,11.00M,,,,66.00M,736.00M,194.00M,,,,15.00M,,20.00M,7.00M,13.00M,,,13.00M,5.85M,499.00M,305.00M,2002-09,0.024,0.00,,,,2002-09,0.024,,0.0111,0.024,,2002-09,553.13M,554.06M,0.16,,2002-09,,
2002-06,4.949B,4.949B,3.863B,1.086B,,,382.00M,13.00M,,-26.00M,,,,80.00M,787.00M,299.00M,,,,-22.00M,,111.00M,39.00M,72.00M,,,72.00M,88.86M,611.00M,312.00M,2002-06,0.128,0.00,,,,2002-06,0.128,,0.1580,0.128,,2002-06,562.50M,562.50M,0.16,,2002-06,,
2002-03,3.991B,3.991B,3.118B,873.00M,,,347.00M,12.00M,,-2.00M,,,,39.00M,664.00M,209.00M,,,,2.00M,,46.00M,16.00M,30.00M,,,7.00M,31.30M,475.00M,266.00M,2002-03,0.056,-0.04,,-0.0418,,2002-03,0.056,-0.0418,0.0584,0.016,,2002-03,550.46M,552.78M,0.16,,2002-03,,
2001-12,3.398B,3.398B,2.812B,586.00M,,,183.00M,17.00M,,-24.00M,,,,-19.00M,404.00M,182.00M,,,,-80.00M,,-24.00M,-9.00M,-15.00M,,,-15.00M,0.00,406.00M,224.00M,2001-12,-0.016,-0.012,,,,2001-12,-0.016,,0.0112,-0.028,,2001-12,551.93M,551.93M,0.16,,2001-12,,
2001-09,3.752B,3.752B,2.96B,792.00M,,,292.00M,11.00M,,-36.00M,,,,75.00M,603.00M,189.00M,,,,-27.00M,,122.00M,31.00M,91.00M,,,91.00M,117.85M,416.00M,227.00M,2001-09,0.164,0.00,,,,2001-09,0.164,,0.2128,0.164,,2001-09,549.50M,550.76M,0.16,,2001-09,,
2001-06,3.852B,3.852B,2.939B,913.00M,110.00M,198.00M,308.00M,14.00M,,-30.00M,,,,65.00M,604.00M,309.00M,,,,-12.00M,,248.00M,77.00M,171.00M,,,171.00M,191.69M,526.00M,217.00M,2001-06,0.312,0.00,,,,2001-06,0.312,,0.3497,0.312,,2001-06,548.08M,548.08M,0.16,,2001-06,,
2001-03,3.553B,3.553B,2.744B,809.00M,103.00M,184.00M,287.00M,13.00M,,-42.00M,,,,74.00M,582.00M,227.00M,,,,-13.00M,,170.00M,63.00M,107.00M,,,107.00M,133.44M,435.00M,208.00M,2001-03,0.196,0.00,,,,2001-03,0.196,,0.2442,0.196,,2001-03,548.30M,548.88M,0.16,,2001-03,,
2000-12,4.042B,4.042B,3.053B,989.00M,,,327.00M,15.00M,,116.00M,,,,-127.00M,445.00M,544.00M,,,,12.00M,,306.00M,112.00M,194.00M,,,194.00M,120.46M,806.00M,262.00M,2000-12,0.352,0.00,,,,2000-12,0.352,,0.2184,0.352,,2000-12,550.49M,550.49M,0.16,,2000-12,,
2000-09,3.934B,3.934B,3.045B,889.00M,,,259.00M,14.00M,,-14.00M,,,,48.00M,526.00M,363.00M,,,,12.00M,,313.00M,114.00M,199.00M,,,199.00M,207.90M,568.00M,195.00M,2000-09,0.36,0.00,,,,2000-09,0.36,,0.3761,0.36,,2000-09,551.24M,551.36M,0.16,,2000-09,,
2000-06,4.187B,4.187B,3.17B,1.017B,,,273.00M,15.00M,,-94.00M,,,,37.00M,526.00M,491.00M,,,,-94.00M,,317.00M,114.00M,203.00M,,,203.00M,263.20M,692.00M,195.00M,2000-06,0.356,0.00,,,,2000-06,0.356,,0.4616,0.356,,2000-06,570.22M,570.22M,0.16,,2000-06,,
2000-03,3.925B,3.925B,2.921B,1.004B,,,280.00M,12.00M,,-33.00M,,,,59.00M,558.00M,446.00M,,,,-9.00M,,387.00M,143.00M,244.00M,,,244.00M,264.81M,653.00M,207.00M,2000-03,0.416,0.00,,,,2000-03,0.416,,0.4514,0.416,,2000-03,585.53M,587.34M,0.16,,2000-03,,
1999-12,3.951B,3.951B,3.111B,840.00M,,,295.00M,17.00M,,-9.00M,,,,36.00M,524.00M,316.00M,,,,-9.00M,,273.00M,100.00M,173.00M,,,174.00M,178.70M,492.00M,176.00M,1999-12,0.312,0.008,0.00,,,1999-12,0.308,,0.3181,0.316,,1999-12,554.33M,562.41M,0.16,,1999-12,,
1999-09,3.12B,3.12B,2.303B,817.00M,,,203.00M,12.00M,,22.00M,,,,34.00M,403.00M,414.00M,,,,22.00M,,373.00M,136.00M,237.00M,,,237.00M,223.02M,568.00M,154.00M,1999-09,0.472,0.00,,,,1999-09,0.472,,0.4442,0.472,,1999-09,502.12M,502.12M,0.16,,1999-09,,
1999-06,3.044B,3.044B,2.317B,727.00M,,,207.00M,13.00M,,7.00M,,,,35.00M,409.00M,318.00M,,,,7.00M,,258.00M,94.00M,164.00M,,,164.00M,159.55M,472.00M,154.00M,1999-06,0.328,0.00,,,,1999-06,0.324,,0.3152,0.324,,1999-06,500.00M,506.17M,0.16,,1999-06,,
1999-03,2.665B,2.665B,2.058B,607.00M,,,179.00M,13.00M,,-89.00M,,,,34.00M,382.00M,225.00M,,,,-89.00M,,66.00M,24.00M,42.00M,,,-48.00M,98.64M,381.00M,156.00M,1999-03,0.084,-0.18,0.00,,,1999-03,0.084,,0.1973,-0.096,,1999-03,500.00M,500.00M,0.16,,1999-03,,
1998-12,3.227B,3.227B,2.616B,611.00M,,,197.00M,16.00M,,-154.00M,,,,32.00M,422.00M,189.00M,,,,-154.00M,,44.00M,14.00M,30.00M,,,30.00M,135.00M,366.00M,177.00M,1998-12,0.06,0.00,,,,1998-12,0.06,,0.27,0.06,,1998-12,497.76M,500.00M,0.16,,1998-12,,
1998-09,2.736B,2.736B,2.124B,612.00M,,,194.00M,12.00M,,34.00M,,,,35.00M,387.00M,225.00M,,,,34.00M,,175.00M,65.00M,110.00M,,,110.00M,88.63M,371.00M,146.00M,1998-09,0.224,0.00,,,,1998-09,0.22,,0.1773,0.22,,1998-09,491.07M,500.00M,0.16,,1998-09,,
1998-06,2.676B,2.676B,2.153B,523.00M,,,168.00M,15.00M,,14.00M,,,,35.00M,362.00M,161.00M,,,,14.00M,,109.00M,40.00M,69.00M,,,69.00M,60.14M,305.00M,144.00M,1998-06,0.136,0.00,,,,1998-06,0.136,,0.1185,0.136,,1998-06,507.35M,507.35M,0.16,,1998-06,,
