,OperatingRevenue,Revenue,CostofGoodsSold,GrossProfit,SalesandMarketingExpense,GeneralandAdministrativeExpense,SG&AExpense,ResearchandDevelopmentExpense,AmortizationExpense,SpecialIncomeandCharges,OperatingInterestExpense,OperatingInterestIncome,NetOperatingInterestIncome,OtherOperatingExpenses,TotalOperatingExpenses,OperatingIncome,Non-OperatingInterestIncome,Non-OperatingInterestExpense,NetNon-OperatingInterestIncomeExpense,OtherIncomeandExpenses,NetInterestIncome,Pre-TaxIncome,ProvisionforIncomeTaxes,IncomefromContinuingOperations,IncomefromDiscontinuedOperations,NormalizedIncome,EBITDA,ReconciledDepreciation,EBIT,,EPSBasicfromDiscontinuedOperations,NormalizedBasicEPS,EPSBasic,,DilutedEPS(Quarterly),NormalizedDilutedEPS,EPSDiluted,,AverageDilutedSharesOutstanding,DividendPerShare,,SECFilingLinks,AsOriginallyReported,Restated
2020-09,626.00M,626.00M,90.00M,536.00M,143.00M,68.00M,211.00M,63.00M,18.00M,-14.00M,37.00M,1.00M,-36.00M,,292.00M,244.00M,1.00M,37.00M,-36.00M,23.00M,-36.00M,231.00M,65.00M,166.00M,-102.00M,150.88M,307.00M,39.00M,268.00M,,-0.17,0.2545,0.11,,2020-09,0.2548,0.11,,600.00M,0.125,,2020-09,AOR,
2020-06,614.00M,614.00M,86.00M,528.00M,145.00M,53.00M,198.00M,65.00M,18.00M,-107.00M,40.00M,2.00M,-38.00M,,281.00M,247.00M,2.00M,40.00M,-38.00M,-110.00M,-38.00M,99.00M,-50.00M,149.00M,-31.00M,226.38M,185.00M,46.00M,139.00M,,-0.05,0.3812,0.20,,2020-06,0.3660,0.19,,614.00M,0.125,,2020-06,AOR,
2020-03,614.00M,614.00M,97.00M,517.00M,150.00M,97.00M,247.00M,70.00M,18.00M,112.00M,50.00M,24.00M,-26.00M,,335.00M,182.00M,24.00M,50.00M,-26.00M,101.00M,-26.00M,257.00M,108.00M,149.00M,82.00M,66.51M,361.00M,54.00M,307.00M,,0.14,0.1125,0.39,,2020-03,0.1011,0.36,,640.00M,0.125,,2020-03,AOR,
2019-12,618.00M,618.00M,103.00M,515.00M,178.00M,85.00M,263.00M,72.00M,20.00M,281.00M,51.00M,38.00M,-13.00M,,355.00M,160.00M,38.00M,51.00M,-13.00M,263.00M,-13.00M,410.00M,57.00M,353.00M,2.492B,115.64M,517.00M,56.00M,461.00M,,4.01,0.1878,4.58,,2019-12,0.1831,4.40,,647.00M,0.125,,2019-12,AOR,
2019-09,608.00M,608.00M,97.00M,511.00M,189.00M,90.00M,279.00M,85.00M,21.00M,-17.00M,46.00M,8.00M,-38.00M,,385.00M,126.00M,8.00M,46.00M,-38.00M,-28.00M,-38.00M,60.00M,22.00M,38.00M,747.00M,49.34M,199.00M,93.00M,106.00M,,1.20,0.0783,1.27,,2019-09,0.0776,1.22,,644.00M,0.075,,2019-09,AOR,Restated
2019-06,650.00M,650.00M,96.00M,554.00M,184.00M,96.00M,280.00M,101.00M,20.00M,-13.00M,49.00M,10.00M,-39.00M,,401.00M,153.00M,10.00M,49.00M,-39.00M,-22.00M,-39.00M,92.00M,54.00M,38.00M,-12.00M,48.22M,299.00M,158.00M,141.00M,,-0.02,0.0765,0.04,,2019-06,0.0759,0.04,,642.00M,0.075,,2019-06,AOR,Restated
2019-03,617.00M,617.00M,124.00M,493.00M,175.00M,93.00M,268.00M,98.00M,21.00M,-34.00M,51.00M,13.00M,-38.00M,,387.00M,106.00M,13.00M,51.00M,-38.00M,-48.00M,-38.00M,20.00M,-17.00M,37.00M,-3.00M,61.09M,229.00M,158.00M,71.00M,,0.01,0.0879,0.05,,2019-03,0.0879,0.05,,635.00M,0.075,,2019-03,AOR,Restated
2018-12,615.00M,615.00M,110.00M,505.00M,166.00M,98.00M,264.00M,110.00M,19.00M,-50.00M,53.00M,11.00M,-42.00M,,393.00M,112.00M,11.00M,53.00M,-42.00M,-79.00M,-42.00M,-9.00M,10.00M,-19.00M,84.00M,19.69M,196.00M,152.00M,44.00M,,0.13,0.0307,0.10,,2018-12,0.0307,0.10,,637.00M,0.075,,2018-12,AOR,Restated
2018-09,612.00M,612.00M,116.00M,496.00M,175.00M,101.00M,276.00M,105.00M,20.00M,-52.00M,52.00M,11.00M,-41.00M,,401.00M,95.00M,11.00M,52.00M,-41.00M,-86.00M,-41.00M,-32.00M,30.00M,-62.00M,54.00M,-21.12M,173.00M,153.00M,20.00M,,0.09,-0.0351,-0.01,,2018-09,-0.0351,-0.01,,630.00M,0.075,,2018-09,AOR,Restated
2018-06,1.156B,1.156B,249.00M,907.00M,386.00M,133.00M,519.00M,237.00M,53.00M,-96.00M,52.00M,7.00M,-45.00M,,809.00M,98.00M,7.00M,52.00M,-45.00M,-122.00M,-45.00M,-69.00M,-4.00M,-65.00M,5.00M,33.70M,135.00M,152.00M,-17.00M,,0.01,0.0582,-0.10,,2018-06,0.0582,-0.10,,624.00M,0.075,,2018-06,AOR,Restated
2018-03,-1.065B,-1.065B,-305.00M,-760.00M,-398.00M,56.00M,-342.00M,-244.00M,-79.00M,-107.00M,57.00M,8.00M,-49.00M,,-665.00M,-95.00M,8.00M,57.00M,-49.00M,-114.00M,-49.00M,-258.00M,-37.00M,-221.00M,162.00M,-136.20M,-46.00M,155.00M,-201.00M,,-0.01,0.0863,-0.06,,2018-03,0.0753,-0.06,,677.00M,0.075,,2018-03,AOR,Restated
2017-12,1.209B,1.209B,249.00M,960.00M,372.00M,122.00M,494.00M,225.00M,52.00M,565.00M,58.00M,5.00M,-53.00M,,771.00M,189.00M,5.00M,58.00M,-53.00M,569.00M,-53.00M,705.00M,-606.00M,1.311B,31.00M,975.00M,920.00M,157.00M,763.00M,,0.05,1.577,2.17,,2017-12,1.466,2.01,,667.00M,0.075,,2017-12,AOR,Restated
2017-09,1.24B,1.24B,262.00M,978.00M,434.00M,160.00M,594.00M,241.00M,55.00M,-97.00M,57.00M,5.00M,-52.00M,,890.00M,88.00M,5.00M,57.00M,-52.00M,-105.00M,-52.00M,-69.00M,-53.00M,-16.00M,4.00M,46.40M,151.00M,163.00M,-12.00M,,0.01,0.0715,-0.02,,2017-09,0.0715,-0.02,,615.00M,0.075,,2017-09,AOR,Restated
2017-06,1.175B,1.175B,257.00M,918.00M,433.00M,149.00M,582.00M,233.00M,59.00M,-88.00M,84.00M,6.00M,-78.00M,,874.00M,44.00M,6.00M,84.00M,-78.00M,-100.00M,-78.00M,-134.00M,-24.00M,-110.00M,-23.00M,-26.36M,115.00M,165.00M,-50.00M,,-0.04,-0.0427,-0.22,,2017-06,-0.0427,-0.22,,609.00M,0.075,,2017-06,AOR,Restated
2017-03,1.115B,1.115B,259.00M,856.00M,453.00M,204.00M,657.00M,249.00M,56.00M,-72.00M,74.00M,7.00M,-67.00M,,962.00M,-106.00M,7.00M,74.00M,-67.00M,-75.00M,-67.00M,-248.00M,-71.00M,-177.00M,34.00M,-125.61M,-38.00M,136.00M,-174.00M,,0.06,-0.2068,-0.23,,2017-03,-0.2068,-0.23,,618.00M,0.075,,2017-03,AOR,Restated
2016-12,1.041B,1.041B,235.00M,806.00M,377.00M,131.00M,508.00M,204.00M,43.00M,-67.00M,55.00M,5.00M,-50.00M,,755.00M,51.00M,5.00M,55.00M,-50.00M,-62.00M,-50.00M,-61.00M,-5.00M,-56.00M,102.00M,5.64M,145.00M,151.00M,-6.00M,,0.16,0.0094,0.07,,2016-12,0.0094,0.07,,620.00M,0.075,,2016-12,AOR,Restated
2016-09,979.00M,979.00M,210.00M,769.00M,338.00M,145.00M,483.00M,200.00M,34.00M,-64.00M,52.00M,4.00M,-48.00M,,717.00M,52.00M,4.00M,52.00M,-48.00M,-54.00M,-48.00M,-50.00M,19.00M,-69.00M,-75.00M,-30.60M,135.00M,133.00M,2.00M,,-0.12,-0.0481,-0.23,,2016-09,-0.0481,-0.23,,620.00M,0.075,,2016-09,AOR,Restated
2016-06,884.00M,884.00M,149.00M,735.00M,291.00M,84.00M,375.00M,170.00M,14.00M,-70.00M,27.00M,5.00M,-22.00M,,559.00M,176.00M,5.00M,27.00M,-22.00M,-57.00M,-22.00M,97.00M,31.00M,66.00M,69.00M,113.60M,196.00M,72.00M,124.00M,,0.11,0.1877,0.22,,2016-06,0.1868,0.22,,620.00M,0.075,,2016-06,AOR,Restated
2016-03,873.00M,873.00M,147.00M,726.00M,308.00M,77.00M,385.00M,177.00M,16.00M,-20.00M,19.00M,4.00M,-15.00M,,578.00M,148.00M,4.00M,19.00M,-15.00M,-17.00M,-15.00M,116.00M,1.129B,-1.013B,3.058B,-1.001B,207.00M,72.00M,135.00M,,4.70,-1.542,3.15,,2016-03,-1.542,3.15,,649.00M,0.15,,2016-03,AOR,Restated
2015-12,909.00M,909.00M,150.00M,759.00M,308.00M,68.00M,376.00M,174.00M,13.00M,-50.00M,17.00M,1.00M,-16.00M,,563.00M,196.00M,1.00M,17.00M,-16.00M,-51.00M,-16.00M,129.00M,15.00M,114.00M,56.00M,158.00M,220.00M,74.00M,146.00M,,0.08,0.2362,0.26,,2015-12,0.2356,0.25,,671.00M,0.15,,2015-12,AOR,Restated
2015-09,906.00M,906.00M,160.00M,746.00M,336.00M,66.00M,402.00M,199.00M,14.00M,-31.00M,19.00M,2.00M,-17.00M,,615.00M,131.00M,2.00M,19.00M,-17.00M,-27.00M,-17.00M,87.00M,34.00M,53.00M,103.00M,71.91M,182.00M,76.00M,106.00M,,0.15,0.1077,0.23,,2015-09,0.1075,0.23,,687.00M,0.15,,2015-09,AOR,Restated
2015-06,912.00M,912.00M,158.00M,754.00M,340.00M,84.00M,424.00M,198.00M,14.00M,-35.00M,20.00M,3.00M,-17.00M,,636.00M,118.00M,3.00M,20.00M,-17.00M,-41.00M,-17.00M,60.00M,35.00M,25.00M,92.00M,46.00M,157.00M,77.00M,80.00M,,0.13,0.0708,0.17,,2015-06,0.0704,0.17,,691.00M,0.15,,2015-06,AOR,Restated
2015-03,899.00M,899.00M,176.00M,723.00M,385.00M,86.00M,471.00M,208.00M,21.00M,-72.00M,19.00M,2.00M,-17.00M,,700.00M,23.00M,2.00M,19.00M,-17.00M,-64.00M,-17.00M,-58.00M,-113.00M,55.00M,121.00M,98.20M,51.00M,90.00M,-39.00M,,0.18,0.3230,0.26,,2015-03,0.3123,0.25,,693.00M,0.15,,2015-03,AOR,Restated
2014-12,970.00M,970.00M,177.00M,793.00M,403.00M,91.00M,494.00M,193.00M,21.00M,-51.00M,19.00M,3.00M,-16.00M,,708.00M,85.00M,3.00M,19.00M,-16.00M,-50.00M,-16.00M,19.00M,44.00M,-25.00M,247.00M,5.60M,76.00M,38.00M,38.00M,,0.36,0.0044,0.32,,2014-12,0.0044,0.32,,689.00M,0.15,,2014-12,AOR,Restated
2014-09,1.617B,1.617B,278.00M,1.339B,565.00M,93.00M,658.00M,276.00M,27.00M,-30.00M,19.00M,3.00M,-16.00M,,961.00M,378.00M,3.00M,19.00M,-16.00M,-29.00M,-16.00M,333.00M,89.00M,244.00M,,265.90M,463.00M,111.00M,352.00M,,,0.3817,0.35,,2014-09,0.3815,0.35,,696.00M,0.15,,2014-09,AOR,Restated
2014-06,1.735B,1.735B,309.00M,1.426B,644.00M,103.00M,747.00M,308.00M,29.00M,-20.00M,21.00M,3.00M,-18.00M,,1.084B,342.00M,3.00M,21.00M,-18.00M,-19.00M,-18.00M,305.00M,69.00M,236.00M,,251.40M,442.00M,116.00M,326.00M,,,0.3623,0.34,,2014-06,0.3621,0.34,,697.00M,0.15,,2014-06,AOR,Restated
2014-03,-868.00M,-868.00M,-76.00M,-792.00M,-88.00M,89.00M,1.00M,-40.00M,-35.00M,-15.00M,19.00M,2.00M,-17.00M,,-74.00M,-718.00M,2.00M,19.00M,-17.00M,-16.00M,-17.00M,-751.00M,-161.00M,-590.00M,,-578.22M,-742.00M,-10.00M,-732.00M,,,0.3270,0.31,,2014-03,0.3269,0.31,,698.00M,0.15,,2014-03,AOR,Restated
2013-12,1.705B,1.705B,283.00M,1.422B,610.00M,98.00M,708.00M,252.00M,28.00M,-29.00M,20.00M,3.00M,-17.00M,,988.00M,434.00M,3.00M,20.00M,-17.00M,-30.00M,-17.00M,387.00M,104.00M,283.00M,,304.17M,517.00M,110.00M,407.00M,,,0.4404,0.41,,2013-12,0.4302,0.40,,702.00M,0.15,,2013-12,AOR,Restated
2013-09,1.637B,1.637B,284.00M,1.353B,592.00M,114.00M,706.00M,248.00M,29.00M,-122.00M,20.00M,3.00M,-17.00M,,983.00M,370.00M,3.00M,20.00M,-17.00M,-102.00M,-17.00M,251.00M,10.00M,241.00M,,358.12M,382.00M,111.00M,271.00M,,,0.5076,0.34,,2013-09,0.5057,0.34,,707.00M,0.15,,2013-09,AOR,Restated
2013-06,1.709B,1.709B,300.00M,1.409B,652.00M,119.00M,771.00M,262.00M,71.00M,-81.00M,25.00M,3.00M,-22.00M,,1.104B,305.00M,3.00M,25.00M,-22.00M,-63.00M,-22.00M,220.00M,63.00M,157.00M,,214.51M,401.00M,156.00M,245.00M,,,0.3125,0.23,,2013-06,0.3013,0.22,,707.00M,0.15,,2013-06,AOR,Restated
2013-03,1.748B,1.748B,308.00M,1.44B,730.00M,111.00M,841.00M,281.00M,71.00M,8.00M,37.00M,3.00M,-34.00M,,1.193B,247.00M,3.00M,37.00M,-34.00M,20.00M,-34.00M,233.00M,43.00M,190.00M,,183.48M,427.00M,157.00M,270.00M,,,0.2606,0.27,,2013-03,0.2509,0.26,,714.00M,,,2013-03,AOR,Restated
2012-12,1.791B,1.791B,299.00M,1.492B,724.00M,117.00M,841.00M,249.00M,71.00M,-27.00M,38.00M,4.00M,-34.00M,,1.161B,331.00M,4.00M,38.00M,-34.00M,-7.00M,-34.00M,290.00M,74.00M,216.00M,,235.98M,487.00M,159.00M,328.00M,,,0.3388,0.31,,2012-12,0.3385,0.31,,702.00M,,,2012-12,AOR,Restated
2012-09,1.699B,1.699B,284.00M,1.415B,667.00M,109.00M,776.00M,247.00M,72.00M,-23.00M,35.00M,2.00M,-33.00M,,1.095B,320.00M,2.00M,35.00M,-33.00M,-22.00M,-33.00M,265.00M,76.00M,189.00M,,205.33M,462.00M,162.00M,300.00M,,,0.2933,0.27,,2012-09,0.2931,0.27,,708.00M,,,2012-09,AOR,Restated
2012-06,1.668B,1.668B,284.00M,1.384B,668.00M,110.00M,778.00M,249.00M,72.00M,-35.00M,29.00M,3.00M,-26.00M,,1.099B,285.00M,3.00M,29.00M,-26.00M,-41.00M,-26.00M,218.00M,58.00M,160.00M,,185.55M,407.00M,160.00M,247.00M,,,0.2557,0.22,,2012-06,0.2555,0.22,,720.00M,,,2012-06,AOR,Restated
2012-03,1.681B,1.681B,287.00M,1.394B,716.00M,113.00M,829.00M,241.00M,72.00M,491.00M,28.00M,3.00M,-25.00M,,1.142B,252.00M,3.00M,28.00M,-25.00M,489.00M,-25.00M,716.00M,142.00M,574.00M,,180.38M,913.00M,169.00M,744.00M,,,0.2401,0.78,,2012-03,0.2352,0.77,,736.00M,,,2012-03,AOR,Restated
2011-12,1.715B,1.715B,271.00M,1.444B,711.00M,113.00M,824.00M,242.00M,73.00M,-5.00M,27.00M,2.00M,-25.00M,,1.139B,305.00M,2.00M,27.00M,-25.00M,-7.00M,-25.00M,273.00M,32.00M,241.00M,,244.40M,461.00M,161.00M,300.00M,,,0.3360,0.33,,2011-12,0.3259,0.32,,740.00M,,,2011-12,AOR,Restated
2011-09,1.681B,1.681B,265.00M,1.416B,697.00M,106.00M,803.00M,247.00M,73.00M,-8.00M,28.00M,4.00M,-24.00M,,1.123B,293.00M,4.00M,28.00M,-24.00M,-20.00M,-24.00M,249.00M,67.00M,182.00M,,187.84M,439.00M,162.00M,277.00M,,,0.2478,0.24,,2011-09,0.2478,0.24,,751.00M,,,2011-09,AOR,Restated
2011-06,1.653B,1.653B,259.00M,1.394B,665.00M,105.00M,770.00M,239.00M,71.00M,-12.00M,32.00M,4.00M,-28.00M,,1.08B,314.00M,4.00M,32.00M,-28.00M,-29.00M,-28.00M,257.00M,67.00M,190.00M,,199.88M,450.00M,161.00M,289.00M,,,0.2618,0.25,,2011-06,0.2616,0.25,,765.00M,,,2011-06,AOR,Restated
2011-03,1.673B,1.673B,270.00M,1.403B,733.00M,100.00M,833.00M,226.00M,72.00M,-30.00M,37.00M,3.00M,-34.00M,,1.131B,272.00M,3.00M,37.00M,-34.00M,-63.00M,-34.00M,175.00M,30.00M,166.00M,,192.86M,368.00M,156.00M,212.00M,,,0.2526,0.22,,2011-03,0.2521,0.22,,774.00M,,,2011-03,AOR,Restated
2010-12,1.604B,1.604B,264.00M,1.34B,704.00M,97.00M,801.00M,220.00M,70.00M,-38.00M,37.00M,3.00M,-34.00M,,1.091B,249.00M,3.00M,37.00M,-34.00M,-38.00M,-34.00M,177.00M,35.00M,132.00M,,162.49M,377.00M,163.00M,214.00M,,0.00,0.2096,0.17,,2010-12,0.2092,0.17,,778.00M,,,2010-12,AOR,
2010-09,1.48B,1.48B,246.00M,1.234B,612.00M,100.00M,712.00M,208.00M,67.00M,-31.00M,36.00M,2.00M,-34.00M,,987.00M,247.00M,2.00M,36.00M,-34.00M,-31.00M,-34.00M,182.00M,44.00M,134.00M,,159.51M,374.00M,156.00M,218.00M,,0.00,0.2001,0.17,,2010-09,0.1999,0.17,,786.00M,,,2010-09,AOR,
2010-06,1.433B,1.433B,265.00M,1.168B,573.00M,92.00M,665.00M,208.00M,61.00M,-39.00M,33.00M,2.00M,-31.00M,,934.00M,234.00M,2.00M,33.00M,-31.00M,-39.00M,-31.00M,164.00M,-4.00M,161.00M,,186.35M,364.00M,167.00M,197.00M,,0.00,0.2318,0.20,,2010-06,0.2315,0.20,,805.00M,,,2010-06,AOR,Restated
2010-03,1.531B,1.531B,276.00M,1.255B,597.00M,87.00M,684.00M,216.00M,61.00M,-44.00M,33.00M,2.00M,-31.00M,,961.00M,294.00M,2.00M,33.00M,-31.00M,-44.00M,-31.00M,219.00M,23.00M,184.00M,,223.38M,422.00M,170.00M,252.00M,,0.00,0.2790,0.23,,2010-03,0.2786,0.23,,810.00M,,,2010-03,AOR,Restated
2009-12,1.548B,1.548B,258.00M,1.29B,635.00M,92.00M,727.00M,210.00M,61.00M,29.00M,33.00M,1.00M,-32.00M,,998.00M,292.00M,1.00M,33.00M,-32.00M,29.00M,-32.00M,289.00M,-21.00M,301.00M,,282.15M,439.00M,117.00M,322.00M,,0.00,0.3467,0.37,,2009-12,0.3470,0.37,,819.00M,,,2009-12,AOR,Restated
2009-09,1.474B,1.474B,259.00M,1.215B,576.00M,84.00M,660.00M,210.00M,63.00M,-23.00M,31.00M,1.00M,-30.00M,,933.00M,282.00M,1.00M,31.00M,-30.00M,-23.00M,-30.00M,229.00M,68.00M,155.00M,,171.17M,323.00M,63.00M,260.00M,,0.00,0.2099,0.19,,2009-09,0.2097,0.19,,819.00M,,,2009-09,AOR,Restated
2009-06,1.432B,1.432B,312.00M,1.12B,559.00M,89.00M,648.00M,221.00M,62.00M,-31.00M,32.00M,2.00M,-30.00M,,931.00M,189.00M,2.00M,32.00M,-30.00M,-31.00M,-30.00M,128.00M,42.00M,74.00M,,94.83M,222.00M,62.00M,160.00M,,0.00,0.1155,0.09,,2009-06,0.1152,0.09,,827.00M,,,2009-06,AOR,Restated
2009-03,1.468B,1.468B,307.00M,1.161B,545.00M,82.00M,627.00M,225.00M,62.00M,-439.00M,31.00M,2.00M,-29.00M,,914.00M,247.00M,2.00M,31.00M,-29.00M,-439.00M,-29.00M,-221.00M,23.00M,-264.00M,,21.35M,118.00M,308.00M,-190.00M,,0.00,-0.0116,-0.36,,2009-03,-0.0116,-0.36,,819.00M,,,2009-03,AOR,Restated
2008-12,1.514B,1.514B,299.00M,1.215B,581.00M,83.00M,664.00M,194.00M,60.00M,-7.053B,31.00M,5.00M,-26.00M,,918.00M,297.00M,5.00M,31.00M,-26.00M,-7.053B,-26.00M,-6.782B,22.00M,-6.82B,,-2.236B,-6.538B,213.43M,-6.751B,,0.00,-2.707,-8.25,,2008-12,-2.707,-8.25,,827.00M,,,2008-12,,Restated
2008-09,1.518B,1.518B,309.07M,1.209B,,,681.82M,219.05M,55.65M,-44.78M,,,,26.20M,982.72M,226.22M,,,,-55.52M,,213.23M,62.41M,140.07M,,171.74M,437.78M,211.57M,226.22M,,0.00,0.2078,0.17,,2008-09,0.1972,0.16,,852.33M,,,2008-09,,
2008-06,1.65B,1.65B,312.00M,1.338B,663.00M,93.00M,756.00M,232.00M,55.00M,-17.00M,33.00M,18.00M,-15.00M,,1.043B,295.00M,18.00M,33.00M,-15.00M,-17.00M,-15.00M,263.00M,85.00M,172.00M,,183.51M,496.00M,200.00M,296.00M,,0.00,0.2237,0.21,,2008-06,0.2135,0.20,,854.00M,,,2008-06,,Restated
2008-03,1.540B,1.540B,306.38M,1.233B,,,716.38M,222.11M,56.28M,36.78M,,,,,902.09M,331.27M,,,,36.78M,,283.17M,96.78M,186.39M,,162.17M,506.97M,205.70M,301.26M,,0.00,0.1813,0.21,,2008-03,0.1817,0.21,,855.16M,,,2008-03,,Restated
2007-12,1.515B,1.515B,299.16M,1.216B,,,710.58M,225.29M,55.00M,-31.80M,,,,6.142M,997.01M,219.08M,,,,-31.80M,,205.95M,74.06M,131.89M,,152.25M,419.99M,200.91M,219.08M,,0.00,0.1737,0.15,,2007-12,0.1732,0.15,,876.22M,,,2007-12,,
2007-09,1.419B,1.419B,304.53M,1.115B,,,681.57M,221.06M,56.93M,-94.16M,,,,86.55M,1.046B,68.47M,,,,-94.16M,,73.42M,23.05M,50.37M,,114.97M,272.52M,204.05M,68.47M,,0.00,0.1338,0.06,,2007-09,0.1324,0.06,,892.76M,,,2007-09,,
2007-06,1.400B,1.400B,310.26M,1.090B,,,654.38M,225.58M,56.92M,-17.73M,,,,,936.88M,153.20M,,,,-17.73M,,149.99M,54.79M,95.21M,,106.46M,366.64M,213.44M,153.20M,,0.00,0.1226,0.11,,2007-06,0.1124,0.10,,910.30M,,,2007-06,,
2007-03,1.357B,1.357B,306.26M,1.051B,,,654.81M,218.47M,49.93M,-45.93M,,,,,923.21M,127.74M,,,,-45.93M,,106.06M,45.17M,60.89M,,90.75M,329.71M,201.97M,127.74M,,0.00,0.1026,0.07,,2007-03,0.1020,0.07,,932.98M,,,2007-03,,
2006-12,1.316B,1.316B,310.50M,1.005B,,,578.89M,216.97M,50.48M,-3.897M,,,,,846.33M,159.04M,,,,-3.897M,,177.62M,60.86M,116.77M,,119.33M,360.02M,200.98M,159.04M,,0.00,0.1327,0.13,,2006-12,0.1227,0.12,,963.31M,,,2006-12,,
2006-09,1.260B,1.260B,215.06M,1.045B,,,544.66M,218.25M,135.82M,9.361M,,,,-1.00M,897.73M,147.61M,,,,9.361M,,182.90M,56.72M,126.18M,,119.72M,349.23M,201.62M,147.61M,,0.00,0.1233,0.13,,2006-09,0.1235,0.13,,987.92M,,,2006-09,,
2006-06,1.266B,1.266B,298.66M,967.21M,,,546.07M,213.20M,50.61M,-13.44M,,,,,809.88M,157.33M,,,,-13.44M,,165.03M,64.49M,100.53M,,108.72M,364.21M,206.88M,157.33M,,0.00,0.1080,0.10,,2006-06,0.1078,0.10,,1.049B,,,2006-06,,
2006-03,1.239B,1.239B,508.68M,729.88M,,,531.07M,216.05M,-203.68M,-7.763M,,,,210.18M,753.62M,-23.74M,,,,-7.763M,,198.19M,79.38M,118.81M,,123.47M,158.67M,182.40M,-23.74M,,0.00,0.1245,0.12,,2006-03,0.1144,0.11,,1.065B,,,2006-03,,
2005-12,1.149B,1.149B,183.44M,965.58M,,,494.85M,187.53M,145.79M,-17.75M,,,,-82.85M,745.32M,220.26M,,,,-17.75M,,135.34M,44.61M,90.73M,,102.63M,421.40M,201.13M,220.26M,,0.00,0.0911,0.08,,2005-12,0.0909,0.08,,1.097B,,,2005-12,,
2005-09,1.056B,1.056B,183.97M,871.89M,,,461.05M,187.31M,191.17M,-290.70M,,,,-124.22M,715.32M,156.58M,,,,-290.70M,,-225.89M,25.44M,-251.33M,,-76.90M,382.48M,225.90M,156.58M,,0.00,-0.0612,-0.21,,2005-09,-0.0612,-0.21,,1.172B,,,2005-09,,
2005-06,699.94M,699.94M,116.80M,583.15M,,,243.18M,92.34M,1.739M,-13.58M,,,,10.10M,347.36M,235.79M,,,,-13.58M,,255.08M,56.44M,198.63M,,209.20M,266.17M,30.38M,235.79M,,0.00,0.2949,0.28,,2005-06,0.2843,0.27,,737.21M,,,2005-06,,
2005-03,712.68M,712.68M,121.13M,591.55M,,,263.72M,92.06M,0.08M,-3.878M,,,,,356.23M,235.32M,,,,-3.878M,,248.49M,128.81M,119.68M,,122.01M,274.29M,38.98M,235.32M,,0.00,0.1633,0.16,,2005-03,0.1631,0.16,,738.82M,,,2005-03,,
2004-12,695.22M,695.22M,121.50M,573.73M,,,256.49M,85.29M,2.663M,-1.204M,,,,,344.44M,229.29M,,,,-1.204M,,239.68M,76.10M,163.58M,,164.40M,256.88M,27.59M,229.29M,,0.00,0.2412,0.24,,2004-12,0.2211,0.22,,742.45M,,,2004-12,,
2004-09,618.31M,618.31M,109.22M,509.09M,,,229.46M,83.82M,1.781M,-2.051M,,,,,315.06M,194.03M,,,,-2.051M,,197.55M,61.93M,135.62M,,137.03M,227.05M,33.02M,194.03M,,0.00,0.2222,0.22,,2004-09,0.1919,0.19,,736.54M,,,2004-09,,
2004-06,556.63M,556.63M,89.01M,467.62M,,,212.22M,72.88M,12.14M,-3.122M,,,,-11.25M,285.99M,181.63M,,,,-3.122M,,172.40M,55.13M,117.28M,,119.40M,209.48M,27.85M,181.63M,,0.00,0.1934,0.19,,2004-06,0.1629,0.16,,735.85M,,,2004-06,,
2004-03,556.44M,556.44M,56.57M,499.87M,,,221.40M,70.20M,41.77M,-0.15M,,,,-40.99M,292.38M,207.49M,,,,-0.15M,,171.22M,54.30M,116.93M,,117.03M,249.26M,32.78M,207.49M,,0.00,0.1902,0.19,,2004-03,0.1701,0.17,,735.84M,,,2004-03,,
2003-12,493.90M,493.90M,87.61M,406.30M,,,188.73M,61.88M,0.628M,4.359M,,,,,251.24M,155.06M,,,,4.359M,,163.31M,51.83M,111.48M,,108.50M,175.96M,20.90M,155.06M,,0.00,0.1752,0.18,,2003-12,0.1559,0.16,,724.36M,,,2003-12,,
2003-09,428.66M,428.66M,74.81M,353.86M,,,176.88M,59.60M,0.756M,1.829M,,,,,237.23M,116.62M,,,,1.829M,,121.97M,38.54M,83.43M,,82.18M,151.54M,34.92M,116.62M,,0.00,0.1354,0.1375,,2003-09,0.1207,0.1225,,713.66M,,,2003-09,,
2003-06,391.12M,391.12M,67.58M,323.55M,,,168.21M,60.60M,0.791M,-13.03M,,,,,229.60M,93.94M,,,,-13.03M,,85.72M,26.94M,58.78M,,67.71M,122.57M,28.63M,93.94M,,0.00,0.1124,0.0975,,2003-06,0.1028,0.09,,699.95M,,,2003-06,,
2003-03,390.04M,390.04M,68.22M,321.81M,,,167.97M,54.42M,0.793M,-4.075M,,,,,223.18M,98.63M,,,,-4.075M,,98.56M,30.42M,68.14M,,70.96M,123.59M,24.96M,98.63M,,0.00,0.1198,0.115,,2003-03,0.1065,0.1025,,698.05M,,,2003-03,,
2002-12,375.64M,375.64M,65.28M,310.36M,,,158.82M,50.02M,0.793M,-0.114M,,,,,209.64M,100.72M,,,,-0.114M,,104.35M,32.62M,71.73M,,71.81M,126.80M,26.09M,100.72M,,0.00,0.1226,0.1225,,2002-12,0.1101,0.11,,683.23M,,,2002-12,,
2002-09,325.23M,325.23M,61.16M,264.07M,,,142.15M,47.34M,0.665M,-1.211M,,,,,190.16M,73.91M,,,,-1.211M,,77.13M,25.14M,51.99M,,52.81M,97.87M,23.95M,73.91M,,0.00,0.0914,0.09,,2002-09,0.0837,0.0825,,673.96M,,,2002-09,,
2002-06,316.04M,316.04M,55.45M,260.59M,,,130.52M,45.49M,0.536M,-4.808M,,,,,176.55M,84.04M,,,,-4.808M,,83.59M,27.02M,56.57M,,59.82M,104.77M,20.72M,84.04M,,0.00,0.1032,0.0975,,2002-06,0.0948,0.09,,676.11M,,,2002-06,,
2002-03,310.78M,310.78M,52.01M,258.78M,,,129.99M,43.77M,49.53M,-9.404M,,,,,226.35M,32.43M,,,,-9.404M,,29.86M,25.08M,4.779M,,10.42M,105.11M,72.68M,32.43M,,0.00,0.0174,0.0075,,2002-03,0.0174,0.0075,,569.11M,,,2002-03,,
2001-12,290.25M,290.25M,52.30M,237.95M,,,125.31M,40.71M,49.95M,-5.023M,,,,,215.98M,21.97M,,,,-5.023M,,20.76M,20.66M,0.10M,,3.114M,93.10M,71.13M,21.97M,,,0.0056,0.0002,,2001-12,0.0053,0.0002,,588.56M,,,2001-12,,
2001-09,242.37M,242.37M,45.48M,196.89M,,,113.67M,40.02M,49.95M,3.915M,,,,,203.64M,-6.751M,,,,3.915M,,4.53M,16.34M,-11.81M,,-14.16M,56.30M,63.06M,-6.751M,,0.00,-0.0240,-0.02,,2001-09,-0.0240,-0.02,,583.20M,,,2001-09,,
2001-06,228.04M,228.04M,42.12M,185.92M,,,116.11M,39.47M,49.52M,1.938M,,,,,205.10M,-19.18M,,,,1.938M,,-9.655M,11.56M,-21.22M,,-22.38M,46.82M,66.00M,-19.18M,,0.00,-0.0382,-0.0362,,2001-06,-0.0382,-0.0362,,586.40M,,,2001-06,,
2001-03,250.61M,250.61M,33.30M,217.31M,,,124.27M,40.67M,,-20.56M,,,,,187.67M,29.64M,,,,-20.56M,,-13.14M,14.30M,-27.45M,,-15.11M,100.46M,70.82M,29.64M,,0.00,-0.0418,-0.0625,,2001-03,-0.0428,-0.0625,,625.89M,,,2001-03,,
2000-12,219.29M,219.29M,23.76M,195.54M,,,98.39M,31.52M,,-18.71M,,,,,149.38M,46.16M,,,,-18.71M,,36.25M,22.37M,13.87M,,25.10M,65.62M,19.46M,46.16M,,0.00,0.0497,0.0275,,2000-12,0.0477,0.0262,,523.87M,,,2000-12,,
2000-09,192.30M,192.30M,17.56M,174.74M,,,85.07M,28.71M,,4.992M,,,,,128.32M,46.42M,,,,4.992M,,59.37M,20.26M,39.11M,,35.82M,60.96M,14.53M,46.42M,,0.00,0.0733,0.08,,2000-09,0.0698,0.0762,,511.58M,,,2000-09,,
2000-06,191.36M,191.36M,17.27M,174.09M,,,86.98M,25.77M,,6.233M,,,,,128.77M,45.32M,,,,6.233M,,58.31M,19.91M,38.40M,,34.29M,61.34M,16.02M,45.32M,,0.00,0.0703,0.0788,,2000-06,0.0670,0.075,,513.98M,,,2000-06,,
2000-03,187.22M,187.22M,22.36M,164.86M,,,87.50M,24.82M,,0.784M,,,,,123.64M,41.22M,,,,0.784M,,47.49M,15.94M,31.55M,,31.03M,52.54M,11.31M,41.22M,,0.00,0.0639,0.065,,2000-03,0.0565,0.0575,,525.46M,,,2000-03,,
1999-12,200.80M,200.80M,24.30M,176.50M,,,93.30M,28.70M,,88.60M,,,,,133.10M,43.40M,,,,88.60M,,135.20M,46.20M,89.00M,,30.68M,54.50M,11.10M,43.40M,,0.00,0.0652,0.19,,1999-12,0.0606,0.1762,,504.16M,,,1999-12,,
1999-09,182.50M,182.50M,19.80M,162.70M,,,85.90M,28.50M,,4.60M,,,,,130.60M,32.10M,,,,4.60M,,39.10M,13.30M,25.80M,,22.76M,48.30M,16.20M,32.10M,,0.00,0.0496,0.0562,,1999-09,0.0475,0.0538,,483.16M,,,1999-09,,
1999-06,175.10M,175.10M,22.70M,152.40M,,,82.30M,27.60M,,4.90M,,,,,121.90M,30.50M,,,,4.90M,,35.40M,11.70M,23.70M,,20.42M,42.50M,12.00M,30.50M,,0.00,0.0452,0.0525,,1999-06,0.0442,0.0512,,462.44M,,,1999-06,,
1999-03,169.63M,169.63M,21.67M,147.96M,,,81.97M,26.46M,,5.124M,,,,,118.42M,29.54M,,,,5.124M,,36.47M,11.67M,24.80M,,21.32M,39.53M,9.994M,29.54M,,0.00,0.0474,0.055,,1999-03,0.0457,0.0525,,511.79M,,,1999-03,,
1998-12,155.20M,155.20M,17.90M,137.30M,,,80.20M,24.40M,,2.70M,,,,,115.30M,22.00M,,,,2.70M,,26.90M,11.00M,15.90M,,14.28M,32.70M,10.70M,22.00M,,0.00,0.0326,0.0362,,1998-12,0.0314,0.035,,454.29M,,,1998-12,,
1998-09,130.00M,130.00M,13.70M,116.30M,,,80.70M,30.80M,,4.40M,,,,,119.90M,-3.60M,,,,4.40M,,4.40M,2.50M,1.90M,,-0.74M,4.80M,8.10M,-3.60M,,0.00,-0.0015,0.0038,,1998-09,-0.0015,0.0038,,506.67M,,,1998-09,,
1998-06,137.80M,137.80M,13.20M,124.60M,,,79.00M,25.00M,,2.40M,,,,,111.40M,13.20M,,,,2.40M,,15.40M,7.80M,7.60M,,6.16M,20.60M,7.40M,13.20M,,0.00,-0.0144,-0.0112,,1998-06,-0.0144,-0.0112,,462.91M,,,1998-06,,
