,OperatingRevenue,ExciseTaxes,Revenue,CostofGoodsSold,GrossProfit,SG&AExpense,InvestmentWriteOff,SpecialIncomeandCharges,OperatingInterestExpense,NetOperatingInterestIncome,OtherOperatingExpenses,TotalOperatingExpenses,OperatingIncome,Non-OperatingInterestExpense,NetNon-OperatingInterestIncomeExpense,OtherIncomeandExpenses,NetInterestIncome,Pre-TaxIncome,ProvisionforIncomeTaxes,IncomefromContinuingOperations,IncomeAttributabletoMinorityInterest,PreferredStockDividend,NetIncome,NormalizedIncome,EBITDA,,BasicEPS(Quarterly),EPSBasicfromContinuingOperations,EPSBasicfromDiscontinuedOperations,NormalizedBasicEPS,DilutedEPS(Quarterly),EPSDilutedfromContinuingOperations,EPSDilutedfromDiscontinuedOperations,NormalizedDilutedEPS,EPSDiluted,AverageBasicSharesOutstanding,AverageDilutedSharesOutstanding,DividendPerShare,AsOriginallyReported,Restated
2020-08,2.460B,199.30M,2.260B,1.045B,1.216B,399.10M,-22.00M,21.40M,100.20M,-100.20M,,399.10M,816.70M,100.20M,-100.20M,-59.30M,-100.20M,657.20M,135.40M,521.80M,-9.70M,,512.10M,532.90M,829.10M,,2020-08,2.68,,2.788,2020-08,2.62,,2.715,2.62,193.36M,218.43M,0.75,AOR,
2020-05,2.132B,168.30M,1.963B,975.10M,988.30M,353.30M,25.00M,-32.00M,100.00M,-100.00M,,353.30M,635.00M,100.00M,-100.00M,-603.20M,-100.00M,-68.20M,104.40M,-172.60M,-5.30M,,-177.90M,262.44M,102.80M,,2020-05,-0.94,,1.343,2020-05,-0.94,,1.343,-0.94,192.90M,192.90M,0.75,AOR,
2020-02,2.076B,172.70M,1.903B,953.10M,949.80M,370.10M,32.70M,-34.60M,99.40M,-99.40M,,370.10M,579.70M,99.40M,-99.40M,8.60M,-99.40M,488.90M,79.90M,409.00M,-10.60M,,398.40M,365.02M,665.90M,,2020-02,2.10,,1.926,2020-02,2.04,,1.866,2.04,191.85M,191.85M,0.75,AOR,
2019-11,2.182B,182.10M,1.999B,1.012B,987.50M,406.30M,390.00M,-314.00M,103.10M,-103.10M,,406.30M,581.20M,103.10M,-103.10M,-770.50M,-103.10M,-292.40M,-658.90M,366.50M,-6.10M,,360.40M,979.29M,-109.50M,,2019-11,1.90,,5.129,2019-11,1.85,,5.026,1.85,191.66M,194.86M,0.75,AOR,
2019-08,2.573B,229.40M,2.344B,1.158B,1.186B,439.40M,27.00M,-29.40M,111.60M,-111.60M,,439.40M,746.50M,111.60M,-111.60M,-1.354B,-111.60M,-719.20M,-202.20M,-517.00M,-8.20M,,-525.20M,99.25M,-525.10M,,2019-08,-2.77,,0.4887,2019-08,-2.77,,0.4887,-2.77,191.63M,191.63M,0.75,AOR,Restated
2019-05,2.282B,185.30M,2.097B,1.068B,1.029B,406.00M,0.00,0.00,114.60M,-114.60M,,406.00M,622.70M,114.60M,-114.60M,-930.60M,-114.60M,-422.50M,-185.40M,-237.10M,-8.30M,,-245.40M,433.94M,-221.30M,,2019-05,-1.30,,2.249,2019-05,-1.30,,2.249,-1.30,191.44M,191.44M,0.75,AOR,Restated
2019-02,1.968B,170.80M,1.797B,903.70M,893.50M,428.20M,0.00,0.00,118.50M,-118.50M,,428.20M,465.30M,118.50M,-118.50M,1.183B,-118.50M,1.530B,280.80M,1.249B,-9.90M,,1.240B,272.20M,1.732B,,2019-02,6.57,,1.498,2019-02,6.37,,3.007,6.37,190.70M,287.65M,0.74,AOR,Restated
2018-11,2.161B,188.00M,1.973B,1.003B,970.00M,413.50M,0.00,-1.70M,72.80M,-72.80M,,413.50M,556.50M,72.80M,-72.80M,-136.30M,-72.80M,347.40M,35.30M,312.10M,-9.00M,,303.10M,451.81M,501.50M,,2018-11,1.62,,2.404,2018-11,1.56,,2.323,1.56,189.68M,194.82M,0.74,AOR,Restated
2018-08,2.526B,226.60M,2.299B,1.131B,1.168B,403.20M,,0.00,88.00M,-88.00M,,403.20M,765.00M,88.00M,-88.00M,688.40M,-88.00M,1.365B,214.10M,1.151B,-1.80M,,1.150B,567.41M,1.538B,,2018-08,6.11,,3.054,2018-08,5.87,,3.215,5.87,190.50M,219.23M,0.74,AOR,Restated
2018-05,2.23B,182.90M,2.047B,998.50M,1.049B,423.20M,,,87.80M,-87.80M,,423.20M,625.40M,87.80M,-87.80M,364.40M,-87.80M,902.00M,155.70M,746.30M,-2.50M,,743.80M,442.44M,1.074B,,2018-05,3.93,,2.355,2018-05,3.77,,2.241,3.77,191.39M,197.06M,0.74,AOR,Restated
2018-02,1.932B,169.50M,1.762B,916.80M,845.20M,333.40M,,-77.90M,86.90M,-86.90M,,333.40M,511.80M,86.90M,-86.90M,159.60M,-86.90M,584.50M,-329.30M,913.80M,-3.30M,,910.50M,819.25M,671.40M,,2018-02,4.84,,4.369,2018-02,4.64,,4.328,4.64,193.59M,292.78M,0.52,AOR,Restated
2017-11,1.982B,179.80M,1.802B,891.60M,910.30M,420.70M,,-10.30M,81.40M,-81.40M,,420.70M,489.60M,81.40M,-81.40M,238.80M,-81.40M,647.00M,150.60M,496.40M,-3.60M,,492.80M,309.64M,893.10M,,2017-11,2.55,,1.612,2017-11,2.45,,1.540,2.45,195.26M,201.18M,0.52,AOR,Restated
2017-08,2.301B,212.70M,2.088B,1.019B,1.069B,351.40M,,-2.10M,81.30M,-81.30M,,351.40M,717.30M,81.30M,-81.30M,-1.90M,-81.30M,634.10M,130.00M,504.10M,-2.50M,,501.60M,503.11M,786.20M,,2017-08,2.59,,2.598,2017-08,2.49,,2.498,2.49,195.42M,201.35M,0.52,AOR,Restated
2017-05,2.108B,179.80M,1.928B,940.20M,988.30M,427.20M,,-6.70M,82.40M,-82.40M,,427.20M,561.10M,82.40M,-82.40M,-6.30M,-82.40M,472.40M,71.40M,401.00M,-2.50M,,398.50M,403.85M,624.90M,,2017-05,2.07,,2.097,2017-05,1.98,,2.007,1.98,194.90M,201.03M,0.52,AOR,Restated
2017-02,1.783B,165.10M,1.618B,840.30M,777.30M,348.30M,,,77.00M,-77.00M,,348.30M,429.00M,77.00M,-77.00M,261.50M,-77.00M,613.50M,158.10M,455.40M,-9.90M,,445.50M,446.17M,752.70M,,2017-02,2.34,,2.343,2017-02,2.26,,2.262,2.26,195.58M,293.36M,0.40,AOR,Restated
2016-11,1.993B,182.20M,1.810B,919.10M,891.40M,357.40M,,,77.60M,-77.60M,,357.40M,534.00M,77.60M,-77.60M,27.50M,-77.60M,483.90M,78.90M,405.00M,0.90M,,405.90M,382.88M,622.90M,,2016-11,2.04,,1.925,2016-11,1.98,,1.868,1.98,200.87M,205.46M,0.40,AOR,Restated
2016-08,2.223B,201.60M,2.021B,1.052B,969.00M,358.10M,0.00,0.00,94.10M,-94.10M,,358.10M,610.90M,94.10M,-94.10M,,-94.10M,516.80M,163.60M,353.20M,5.70M,,358.90M,358.90M,669.00M,,2016-08,1.81,,1.81,2016-08,1.75,,1.75,1.75,200.81M,205.65M,0.40,AOR,Restated
2016-05,2.053B,181.20M,1.872B,990.50M,881.30M,328.60M,0.00,0.00,84.60M,-84.60M,,328.60M,552.70M,84.60M,-84.60M,0.70M,-84.60M,468.80M,149.70M,319.10M,-0.80M,,318.30M,317.82M,609.20M,,2016-05,1.61,,1.608,2016-05,1.55,,1.548,1.55,199.90M,205.37M,0.40,AOR,Restated
2016-02,1.700B,157.30M,1.543B,847.10M,696.10M,285.00M,,0.00,83.50M,-83.50M,,285.00M,411.10M,83.50M,-83.50M,22.60M,-83.50M,350.20M,104.90M,245.30M,-1.90M,,243.40M,227.57M,451.30M,,2016-02,1.23,,1.151,2016-02,1.19,,1.113,1.19,199.36M,205.22M,0.31,AOR,Restated
2015-11,1.812B,171.90M,1.640B,907.00M,733.50M,286.20M,0.00,0.00,75.60M,-75.60M,,286.20M,447.30M,75.60M,-75.60M,27.30M,-75.60M,399.00M,128.00M,271.00M,-0.50M,,270.50M,251.96M,525.90M,,2015-11,1.39,,1.296,2015-11,1.33,,1.239,1.33,197.29M,204.10M,0.31,AOR,Restated
2015-08,1.913B,179.50M,1.733B,957.80M,775.60M,296.20M,1.10M,-1.10M,77.30M,-77.30M,,296.20M,479.40M,77.30M,-77.30M,-0.90M,-77.30M,401.20M,97.10M,304.10M,-1.70M,,302.40M,303.08M,535.20M,,2015-08,1.56,,1.563,2015-08,1.49,,1.493,1.49,195.60M,203.11M,0.31,AOR,Restated
2015-05,1.798B,166.70M,1.631B,894.20M,737.10M,309.80M,,,77.50M,-77.50M,,309.80M,427.30M,77.50M,-77.50M,1.00M,-77.50M,350.80M,110.60M,240.20M,-1.60M,,238.60M,237.92M,483.00M,,2015-05,1.24,,1.236,2015-05,1.18,,1.177,1.18,194.75M,202.86M,0.31,AOR,Restated
2015-02,1.506B,150.20M,1.356B,758.60M,597.60M,243.90M,0.00,0.00,80.30M,-80.30M,,243.90M,353.70M,80.30M,-80.30M,0.40M,-80.30M,273.80M,62.30M,211.50M,3.10M,,214.60M,214.29M,401.50M,,2015-02,1.12,,1.118,2015-02,1.06,,1.058,1.06,193.78M,202.37M,,AOR,Restated
2014-11,1.709B,166.90M,1.542B,902.80M,638.90M,263.30M,0.00,0.00,86.00M,-86.00M,,263.30M,375.60M,86.00M,-86.00M,21.20M,-86.00M,310.80M,88.60M,222.20M,0.00,,222.20M,207.04M,448.40M,,2014-11,1.16,,1.081,2014-11,1.10,,1.025,1.10,192.97M,201.28M,,AOR,Restated
2014-08,1.77B,165.90M,1.604B,932.10M,672.00M,293.30M,4.40M,-4.40M,85.00M,-85.00M,,293.30M,378.70M,85.00M,-85.00M,-5.00M,-85.00M,288.70M,92.90M,195.80M,0.00,,195.80M,199.19M,427.20M,,2014-08,1.03,,1.048,2014-08,0.98,,0.9969,0.98,192.56M,200.80M,,AOR,Restated
2014-05,1.687B,161.10M,1.526B,855.90M,670.10M,277.90M,,,86.40M,-86.40M,,277.90M,392.20M,86.40M,-86.40M,0.50M,-86.40M,306.30M,99.60M,206.70M,0.00,,206.70M,206.36M,442.20M,,2014-05,1.09,,1.088,2014-05,1.03,,1.028,1.03,191.57M,200.36M,,AOR,Restated
2014-02,1.438B,146.80M,1.291B,742.30M,548.90M,219.50M,,0.00,88.50M,-88.50M,,219.50M,329.40M,88.50M,-88.50M,-0.50M,-88.50M,240.40M,83.20M,157.20M,,,157.20M,157.53M,370.90M,,2014-02,0.84,,0.8417,2014-02,0.79,,0.7916,0.79,189.94M,199.62M,,AOR,Restated
2013-11,1.594B,150.20M,1.443B,833.60M,609.70M,245.90M,0.00,0.00,89.60M,-89.60M,,245.90M,363.80M,89.60M,-89.60M,18.00M,-89.60M,292.20M,81.20M,211.00M,,,211.00M,198.00M,423.90M,,2013-11,1.13,,1.061,2013-11,1.07,,1.004,1.07,189.17M,198.08M,,AOR,Restated
2013-08,1.613B,153.50M,1.460B,882.80M,577.00M,244.10M,0.00,-300.90M,90.30M,-90.30M,,244.10M,332.90M,90.30M,-90.30M,1.345B,-90.30M,1.587B,65.40M,1.522B,,,1.522B,1.807B,1.720B,,2013-08,8.18,,9.694,2013-08,7.74,,9.188,7.74,188.30M,196.77M,,AOR,Restated
2013-05,766.20M,92.80M,673.40M,417.30M,256.10M,185.60M,,,54.80M,-54.80M,,185.60M,70.50M,54.80M,-54.80M,66.60M,-54.80M,82.30M,29.40M,52.90M,,,52.90M,10.08M,166.10M,,2013-05,0.29,,0.0588,2013-05,0.27,,0.0503,0.27,185.23M,194.88M,,AOR,Restated
2013-02,788.00M,92.10M,695.90M,434.10M,261.80M,134.40M,9.70M,-9.70M,60.40M,-60.40M,,134.40M,127.40M,60.40M,-60.40M,39.80M,-60.40M,106.80M,25.10M,81.70M,,,81.70M,51.25M,197.10M,,2013-02,0.45,,0.2835,2013-02,0.43,,0.2635,0.43,182.82M,182.82M,,AOR,Restated
2012-11,860.40M,93.50M,766.90M,456.10M,310.80M,152.00M,0.00,0.00,61.40M,-61.40M,,152.00M,158.80M,61.40M,-61.40M,52.50M,-61.40M,149.90M,40.40M,109.50M,,,109.50M,71.18M,240.80M,,2012-11,0.61,,0.3992,2012-11,0.58,,0.3853,0.58,181.79M,196.89M,,AOR,Restated
2012-08,797.70M,99.20M,698.50M,413.40M,285.10M,154.50M,0.00,0.00,54.60M,-54.60M,,154.50M,130.60M,54.60M,-54.60M,70.50M,-54.60M,146.50M,21.90M,124.60M,,,124.60M,64.60M,229.00M,,2012-08,0.71,,0.3736,2012-08,0.67,,0.3451,0.67,178.33M,184.64M,,AOR,Restated
2012-05,725.30M,90.50M,634.80M,384.20M,250.60M,144.00M,2.80M,-3.30M,50.70M,-50.70M,,144.00M,106.60M,50.70M,-50.70M,57.30M,-50.70M,113.20M,41.20M,72.00M,,,72.00M,35.56M,192.00M,,2012-05,0.39,,0.1939,2012-05,0.38,,0.1930,0.38,185.81M,194.88M,,AOR,Restated
2012-02,709.00M,80.90M,628.10M,382.90M,245.20M,139.30M,0.00,-26.50M,47.90M,-47.90M,,139.30M,105.90M,47.90M,-47.90M,22.50M,-47.90M,80.50M,-22.50M,103.00M,,,103.00M,120.22M,151.60M,,2012-02,0.53,,0.6177,2012-02,0.51,,0.5950,0.51,196.43M,202.62M,,AOR,Restated
2011-11,789.00M,88.30M,700.70M,417.80M,282.90M,121.80M,0.00,-0.80M,46.30M,-46.30M,,121.80M,161.10M,46.30M,-46.30M,52.50M,-46.30M,167.30M,62.50M,104.80M,,,104.80M,105.30M,241.90M,,2011-11,0.53,0.00,0.5325,2011-11,0.52,0.00,0.5225,0.52,199.88M,202.93M,,AOR,Restated
2011-08,770.40M,80.20M,690.20M,407.20M,283.00M,138.20M,0.00,0.30M,42.50M,-42.50M,,138.20M,144.80M,42.50M,-42.50M,64.30M,-42.50M,166.60M,3.90M,162.70M,,,162.70M,162.41M,234.50M,,2011-08,0.78,0.00,0.7786,2011-08,0.76,0.00,0.7586,0.76,210.22M,213.64M,,AOR,Restated
2011-05,710.70M,75.40M,635.30M,384.30M,251.00M,138.20M,0.00,-11.10M,44.30M,-44.30M,,138.20M,112.80M,44.30M,-44.30M,51.10M,-44.30M,119.60M,45.10M,74.50M,,,74.50M,81.41M,190.80M,,2011-05,0.36,0.00,0.3928,2011-05,0.35,0.00,0.3822,0.35,210.65M,214.91M,,AOR,Restated
2011-02,872.20M,156.90M,715.30M,461.30M,254.00M,128.70M,,-22.40M,47.40M,-47.40M,,128.70M,125.30M,47.40M,-47.40M,29.10M,-47.40M,107.00M,-172.80M,279.80M,,,279.80M,294.36M,176.20M,,2011-02,1.35,,1.420,2011-02,1.32,,1.389,1.32,208.06M,211.52M,,AOR,Restated
2010-11,1.191B,225.00M,966.40M,614.50M,351.90M,176.10M,,-5.70M,49.10M,-49.10M,,176.10M,175.80M,49.10M,-49.10M,65.70M,-49.10M,192.40M,53.10M,139.30M,,,139.30M,143.43M,276.10M,,2010-11,0.67,0.00,0.6897,2010-11,0.65,0.00,0.6694,0.65,209.95M,213.11M,,AOR,Restated
2010-08,1.057B,194.10M,862.80M,548.60M,314.20M,167.30M,,-13.70M,50.30M,-50.30M,,167.30M,146.90M,50.30M,-50.30M,52.70M,-50.30M,149.30M,58.00M,91.30M,,,91.30M,99.68M,233.30M,,2010-08,0.44,0.00,0.4801,2010-08,0.43,0.00,0.4697,0.43,209.17M,211.15M,,AOR,Restated
2010-05,976.20M,188.70M,787.50M,517.50M,270.00M,168.80M,,-4.90M,48.50M,-48.50M,,168.80M,101.20M,48.50M,-48.50M,49.60M,-48.50M,102.30M,53.20M,49.10M,,,49.10M,52.28M,185.40M,,2010-05,0.23,0.00,0.2447,2010-05,0.22,0.00,0.2346,0.22,216.44M,218.86M,,AOR,Restated
2010-02,44.80M,,708.70M,486.30M,222.40M,148.20M,,-124.30M,,-63.10M,,148.20M,74.20M,,-63.10M,-81.30M,-63.10M,-70.20M,-19.20M,-51.00M,,,-51.00M,39.30M,-33.70M,,2010-02,-0.23,0.00,0.1796,2010-02,-0.23,0.00,0.1762,-0.23,220.47M,222.29M,,AOR,Restated
2009-11,1.226B,237.80M,987.70M,643.60M,344.10M,202.90M,,-5.10M,65.50M,-65.50M,,202.90M,141.20M,65.50M,-65.50M,29.50M,-65.50M,105.20M,61.10M,44.10M,,,44.10M,47.42M,208.00M,,2009-11,0.20,0.00,0.2151,2009-11,0.20,0.00,0.2149,0.20,220.24M,222.20M,,AOR,Restated
2009-08,1.091B,213.90M,876.80M,567.20M,309.60M,166.30M,,-3.20M,68.10M,-68.10M,,166.30M,143.30M,68.10M,-68.10M,70.00M,-68.10M,145.20M,45.50M,99.70M,,,99.70M,101.90M,259.20M,,2009-08,0.46,0.00,0.4700,2009-08,0.45,0.00,0.4600,0.45,219.65M,220.71M,,AOR,Restated
2009-05,1.004B,212.20M,791.60M,522.90M,268.70M,165.10M,,-18.90M,68.40M,-68.40M,,165.10M,103.60M,68.40M,-68.40M,43.90M,-68.40M,79.10M,72.60M,6.50M,,,6.50M,18.78M,184.70M,,2009-05,0.03,0.00,0.0861,2009-05,0.03,0.00,0.0859,0.03,218.98M,219.82M,,AOR,Restated
2009-02,-103.50M,,735.10M,543.90M,191.20M,172.80M,,-298.70M,,-77.30M,,172.80M,18.40M,,-77.30M,-330.60M,-77.30M,-389.50M,17.30M,-406.80M,,,-406.80M,-212.64M,-92.60M,,2009-02,-1.89,0.00,-1.001,2009-02,-1.89,0.00,-1.001,-1.89,218.40M,218.40M,,AOR,Restated
2008-11,1.307B,275.70M,1.031B,627.20M,404.00M,200.50M,,-5.80M,78.40M,-78.40M,,200.50M,203.50M,78.40M,-78.40M,70.50M,-78.40M,195.60M,112.10M,83.50M,,,83.50M,87.27M,308.00M,,2008-11,0.39,0.00,0.4073,2008-11,0.38,0.00,0.3971,0.38,218.20M,220.01M,,AOR,Restated
2008-08,1.239B,282.70M,956.50M,650.70M,305.80M,225.20M,,-59.10M,80.70M,-80.70M,,225.20M,80.60M,80.70M,-80.70M,11.00M,-80.70M,10.90M,33.60M,-22.70M,,,-22.70M,15.72M,132.60M,,2008-08,-0.11,0.00,0.0666,2008-08,-0.11,0.00,0.0666,-0.11,217.49M,217.49M,,AOR,Restated
2008-05,1.212B,280.20M,931.80M,602.80M,329.00M,233.50M,,-4.80M,86.60M,-86.60M,,233.50M,95.50M,86.60M,-86.60M,67.30M,-86.60M,76.20M,31.60M,44.60M,,,44.60M,47.72M,207.00M,,2008-05,0.21,0.00,0.2244,2008-05,0.20,0.00,0.2142,0.20,216.56M,219.19M,,AOR,Restated
2008-02,1.135B,251.00M,884.40M,572.70M,311.70M,220.60M,,-825.00M,99.50M,-99.50M,,220.60M,91.10M,99.50M,-99.50M,-797.20M,-99.50M,-805.60M,29.20M,-834.80M,,,-834.80M,-298.55M,-657.70M,,2008-02,-3.85,0.00,-1.365,2008-02,-3.85,0.00,-1.368,-3.85,215.76M,216.05M,,AOR,Restated
2007-11,1.406B,311.60M,1.095B,702.90M,391.90M,192.10M,,-1.50M,82.40M,-82.40M,,192.10M,199.80M,82.40M,-82.40M,72.70M,-82.40M,190.10M,70.50M,119.60M,,,119.60M,120.54M,313.00M,,2007-11,0.56,0.00,0.5644,2007-11,0.55,0.00,0.5543,0.55,215.39M,219.43M,,,Restated
2007-08,1.168B,275.30M,892.60M,582.90M,309.70M,190.50M,,-2.00M,86.70M,-86.70M,,190.50M,119.20M,86.70M,-86.70M,78.10M,-86.70M,110.60M,38.50M,72.10M,,,72.10M,73.40M,235.60M,,2007-08,0.34,0.00,0.3461,2007-08,0.33,0.00,0.3359,0.33,215.13M,219.30M,,,Restated
2007-05,1.175B,274.20M,901.20M,633.00M,268.20M,197.60M,,-2.40M,79.70M,-79.70M,,197.60M,70.60M,79.70M,-79.70M,73.40M,-79.70M,64.30M,34.50M,29.80M,,,29.80M,31.36M,182.70M,,2007-05,0.13,0.00,0.1368,2007-05,0.13,0.00,0.1367,0.13,229.46M,233.44M,,,Restated
2007-02,1.422B,280.30M,1.142B,796.90M,345.30M,194.00M,,-67.50M,,,,194.00M,151.30M,,,26.80M,,103.70M,33.50M,70.20M,,0.00,70.20M,115.89M,192.40M,,2007-02,0.30,0.00,0.4494,2007-02,0.29,0.00,0.4394,0.29,305.88M,305.88M,,AOR,Restated
2006-11,1.834B,333.40M,1.501B,1.056B,445.20M,197.80M,,-11.60M,,,,197.80M,247.40M,,,-1.20M,,173.10M,65.30M,107.80M,,,107.80M,115.02M,283.40M,,2006-11,0.47,0.00,0.5045,2006-11,0.45,0.00,0.4802,0.45,209.52M,239.40M,,,
2006-08,1.715B,297.40M,1.418B,1.003B,414.80M,204.40M,,-26.50M,,,,204.40M,210.40M,,,-26.30M,,111.60M,43.20M,68.40M,,2.40M,68.40M,84.64M,243.90M,,2006-08,0.30,0.00,0.3811,2006-08,0.28,0.00,0.3476,0.28,200.32M,240.32M,,,
2006-05,1.430B,274.30M,1.156B,837.30M,318.60M,172.60M,,49.50M,,,,172.60M,146.00M,,,49.60M,,146.90M,61.40M,85.50M,,2.50M,85.50M,55.80M,174.70M,,2006-05,0.38,0.00,0.2312,2006-05,0.36,0.00,0.2363,0.36,199.57M,240.10M,,,
2006-02,1.304B,256.20M,1.048B,761.50M,286.40M,133.90M,,-21.80M,,,,133.90M,152.50M,,,-26.70M,,78.50M,20.30M,58.20M,,2.40M,58.20M,74.36M,188.30M,,2006-02,0.25,0.00,0.3050,2006-02,0.24,0.00,0.2950,0.24,293.95M,293.95M,,,Restated
2005-11,1.568B,300.80M,1.267B,882.90M,384.20M,156.90M,,-5.90M,,,,156.90M,227.30M,,,0.60M,,179.80M,70.80M,109.00M,,2.50M,109.00M,112.58M,261.50M,,2005-11,0.49,0.00,0.5081,2005-11,0.46,0.00,0.4750,0.46,197.22M,238.58M,,,
2005-08,1.469B,276.70M,1.192B,844.00M,348.00M,163.70M,,-10.10M,,,,163.70M,184.30M,,,-10.40M,,127.00M,44.60M,82.40M,,2.40M,82.40M,88.95M,213.10M,,2005-08,0.37,0.00,0.4033,2005-08,0.34,0.00,0.3674,0.34,196.52M,239.07M,,,
2005-05,1.366B,269.80M,1.097B,790.53M,306.01M,157.86M,,-8.319M,,,,157.86M,148.14M,,,-8.861M,,91.99M,16.29M,75.70M,,2.451M,75.70M,82.55M,177.44M,,2005-05,0.34,0.00,0.3750,2005-05,0.32,0.00,0.3487,0.32,195.56M,238.18M,,,
2005-02,1.305B,267.17M,1.038B,750.85M,286.79M,154.58M,,-12.57M,,,,154.58M,132.21M,,,-11.40M,,74.44M,26.78M,47.66M,,2.447M,47.66M,55.71M,162.24M,,2005-02,0.21,0.00,0.2378,2005-02,0.205,0.00,0.2328,0.20,289.78M,289.78M,,,Restated
2004-11,1.360B,274.72M,1.086B,772.05M,313.66M,130.33M,,-1.644M,,,,130.33M,183.33M,,,-1.285M,,151.40M,54.50M,96.89M,,2.451M,96.89M,97.95M,207.89M,,2004-11,0.44,0.00,0.4455,2004-11,0.40,0.00,0.4045,0.42,192.02M,233.45M,,,
2004-08,1.300B,263.30M,1.037B,747.26M,289.68M,132.36M,,-1.169M,,,,132.36M,157.33M,,,-0.969M,,125.96M,45.34M,80.61M,,2.451M,80.61M,81.36M,182.16M,,2004-08,0.1825,0.1825,0.1864,2004-08,0.1725,0.1725,0.1757,0.345,190.90M,232.29M,,,
2004-05,1.174B,247.01M,927.30M,676.84M,250.46M,138.43M,,-1.613M,,,,138.43M,112.03M,,,-1.551M,,80.20M,28.87M,51.33M,,2.451M,51.33M,52.36M,136.30M,,2004-05,0.115,0.115,0.1198,2004-05,0.1125,0.1125,0.1170,0.225,213.56M,230.12M,,,
2004-02,1.115B,233.66M,881.32M,637.76M,243.56M,108.85M,,-3.667M,,,,108.85M,134.71M,,,-4.09M,,98.16M,35.34M,62.82M,,2.452M,62.82M,65.17M,159.32M,,2004-02,0.69,-0.40,0.6982,2004-02,0.6525,-0.40,0.6607,0.275,284.62M,284.62M,,,
2003-11,1.214B,226.29M,987.25M,704.63M,282.62M,113.33M,,-8.088M,,,,113.33M,169.28M,,,-7.962M,,129.43M,46.59M,82.84M,,2.45M,82.84M,88.02M,193.75M,,2003-11,0.1925,0.1925,0.2203,2003-11,0.175,0.19,0.1977,0.365,186.51M,228.39M,,,
2003-08,1.151B,239.45M,911.06M,670.53M,240.53M,127.29M,,-17.08M,,,,127.29M,113.24M,,,-16.57M,,55.57M,20.00M,35.56M,,0.844M,35.56M,46.50M,142.40M,,2003-08,0.0875,0.0925,0.1507,2003-08,0.085,0.085,0.1375,0.17,173.00M,208.26M,,,
2003-05,990.24M,217.44M,772.80M,563.72M,209.08M,107.80M,,-1.135M,,,,107.80M,101.28M,,,-0.807M,,61.23M,22.04M,39.19M,,,39.19M,39.92M,125.10M,,2003-05,0.105,0.105,0.1089,2003-05,0.1025,0.1025,0.1063,0.205,185.76M,191.32M,,,
2003-02,853.86M,200.83M,653.03M,475.80M,177.23M,87.15M,,,,,,87.15M,90.09M,,,20.51M,,85.70M,33.68M,52.02M,,,52.02M,52.02M,104.61M,,2003-02,0.1425,0.1425,0.1425,2003-02,0.14,0.14,0.14,0.28,181.15M,185.95M,,,
2002-11,969.76M,231.38M,738.38M,524.88M,213.49M,85.47M,,,,,,85.47M,128.02M,,,4.182M,,106.00M,41.66M,64.34M,,,64.34M,64.34M,142.65M,,2002-11,0.1775,0.1775,0.1775,2002-11,0.1725,0.1725,0.1725,0.345,180.65M,186.17M,,,
2002-08,899.00M,209.19M,689.81M,496.54M,193.26M,87.62M,,,,,,87.62M,105.65M,,,3.172M,,81.67M,32.10M,49.57M,,,49.57M,49.57M,120.78M,,2002-08,0.1375,0.1375,0.1375,2002-08,0.1325,0.1325,0.1325,0.265,179.38M,186.06M,,,
2002-05,860.46M,210.07M,650.39M,473.67M,176.73M,90.76M,,,,,,90.76M,85.96M,,,2.739M,,61.56M,24.19M,37.37M,,,37.37M,37.37M,101.83M,,2002-05,0.21,0.00,0.21,2002-05,0.20,0.00,0.20,0.20,177.69M,184.71M,,,
2002-02,803.74M,186.39M,617.34M,454.47M,162.87M,88.14M,,,,,,88.14M,74.73M,,,0.639M,,47.59M,19.04M,28.56M,,,27.00M,28.56M,96.25M,,2002-02,0.165,-0.01,0.165,2002-02,0.1575,-0.01,0.1575,0.1475,175.70M,179.76M,,,
2001-11,925.56M,223.70M,701.85M,508.74M,193.11M,84.29M,,,,,,84.29M,108.82M,,,1.165M,,82.74M,33.10M,49.64M,,,49.64M,49.64M,129.69M,,2001-11,0.285,0.00,0.285,2001-11,0.2775,0.00,0.2775,0.2775,173.72M,178.95M,,,
2001-08,898.82M,209.70M,689.13M,505.84M,183.28M,94.28M,,,,,,94.28M,89.00M,,,-0.137M,,59.89M,23.96M,35.93M,,,35.93M,35.93M,110.48M,,2001-08,0.2125,0.00,0.2125,2001-08,0.205,0.00,0.205,0.205,169.66M,175.73M,,,
2001-05,835.77M,193.66M,642.11M,426.16M,215.96M,132.03M,,,,,-14.00M,132.03M,83.93M,,,,,39.74M,15.90M,23.84M,,,23.84M,23.84M,105.99M,,2001-05,0.0362,0.1088,0.0362,2001-05,0.035,0.105,0.035,0.14,165.02M,170.10M,,,
2001-02,1.131B,,373.37M,442.48M,-69.11M,-71.09M,,,,,,-126.57M,57.46M,,,,,30.63M,12.25M,18.38M,,,18.38M,18.38M,72.87M,,2001-02,0.5977,-0.4664,0.5977,2001-02,0.5838,-0.4664,0.5838,0.12,148.18M,150.60M,,,
2000-11,629.58M,,629.58M,402.35M,227.23M,122.82M,,,,,,141.99M,85.24M,,,,,58.26M,23.30M,34.95M,,,34.95M,34.95M,104.41M,,2000-11,0.0297,0.2078,0.0297,2000-11,0.0292,0.2045,0.0292,0.2338,147.15M,149.87M,,,
2000-08,637.49M,,637.49M,419.01M,218.48M,129.94M,,,,,,147.78M,70.70M,,,,,43.52M,17.41M,26.11M,,,26.11M,26.11M,88.55M,,2000-08,0.0223,0.1564,0.0223,2000-08,0.0219,0.1531,0.0219,0.175,146.40M,149.31M,,,
2000-05,585.58M,,585.58M,383.24M,202.34M,126.41M,,,,,,144.87M,57.46M,,,,,29.84M,11.94M,17.90M,,,17.90M,17.90M,75.93M,,2000-05,0.0153,0.1072,0.0153,2000-05,0.015,0.105,0.015,0.12,145.84M,148.78M,,,
2000-02,535.75M,,535.75M,354.24M,181.52M,113.78M,,0.00,,,,127.77M,53.74M,,,0.00,,25.88M,10.35M,15.53M,,,15.53M,15.53M,67.74M,,2000-02,0.1067,,0.1067,2000-02,0.1067,,0.1067,0.1067,145.51M,145.51M,,,
1999-11,652.97M,,652.97M,426.38M,226.59M,132.31M,,,,,,149.21M,77.38M,,,,,49.83M,19.93M,29.90M,,,29.90M,29.90M,94.28M,,1999-11,0.0258,0.1805,0.0258,1999-11,0.025,0.175,0.025,0.20,144.66M,149.21M,,,
1999-08,621.60M,,621.60M,412.10M,209.50M,125.30M,,,,,,145.70M,63.80M,,,,,35.20M,14.10M,21.10M,,,21.10M,21.10M,84.20M,,1999-08,0.1462,0.00,0.1462,1999-08,0.1425,0.00,0.1425,0.1425,144.27M,148.07M,,,
1999-05,530.17M,,530.17M,360.10M,170.07M,110.50M,,-5.50M,,,,124.40M,45.67M,,,-5.50M,,18.00M,7.20M,10.80M,,,10.80M,14.10M,59.57M,,1999-05,0.0094,0.0656,0.0323,1999-05,0.0092,0.0645,0.0316,0.0738,143.82M,147.58M,,,
1999-02,459.40M,,459.40M,309.40M,150.00M,96.90M,,,,,,109.90M,40.10M,,,,,19.70M,7.80M,11.90M,,,0.50M,11.90M,53.10M,,1999-02,0.38,-0.375,0.38,1999-02,0.3711,-0.375,0.3711,0.005,143.49M,146.98M,,,
1998-11,375.60M,,375.60M,251.10M,124.50M,73.80M,,,,,,82.60M,41.90M,,,,,34.20M,14.00M,20.20M,,,20.20M,20.20M,50.70M,,1998-11,0.0177,0.1236,0.0177,1998-11,0.0172,0.1203,0.0172,0.1375,143.14M,146.60M,,,
1998-08,349.40M,,349.40M,237.60M,111.80M,67.50M,,,,,,76.10M,35.70M,,,,,28.30M,11.60M,16.70M,,,16.70M,16.70M,44.30M,,1998-08,0.1125,0.00,0.1125,1998-08,0.11,0.00,0.11,0.11,148.44M,151.82M,,,
1998-05,312.90M,,312.90M,212.30M,100.60M,61.30M,,,,,,69.90M,30.70M,,,,,22.20M,9.10M,13.10M,,,13.10M,13.10M,39.30M,,1998-05,0.0875,0.00,0.0875,1998-05,0.085,0.00,0.085,0.085,149.71M,154.12M,,,
