,OperatingRevenue,Revenue,CostofGoodsSold,GrossProfit,GeneralandAdministrativeExpense,SG&AExpense,InvestmentWriteOff,SpecialIncomeandCharges,NonIncomeTaxes,OperatingInterestExpense,OperatingInterestIncome,NetOperatingInterestIncome,OtherOperatingExpenses,TotalOperatingExpenses,OperatingIncome,Non-OperatingInterestIncome,Non-OperatingInterestExpense,NetNon-OperatingInterestIncomeExpense,OtherIncomeandExpenses,NetInterestIncome,Pre-TaxIncome,ProvisionforIncomeTaxes,IncomefromContinuingOperations,IncomefromDiscontinuedOperations,"ExtraordinaryItems,IncomeStatement",NetIncome,NormalizedIncome,EBITDA,ReconciledDepreciation,EBIT,EPSBasicfromContinuingOperations,EPSBasicfromDiscontinuedOperations,EPSBasicfromExtraordinaries,NormalizedBasicEPS,EPSBasic,EPSDilutedfromContinuingOperations,EPSDilutedfromDiscontinuedOperations,EPSDilutedfromExtraordinaries,,SharesData(Quarterly),AverageBasicSharesOutstanding,AverageDilutedSharesOutstanding,DividendPerShare,,SECFilingLinks,AsOriginallyReported,Restated
2020-09,4.644B,4.644B,3.065B,1.579B,1.382B,1.382B,,91.00M,114.00M,222.00M,2.00M,-220.00M,,1.986B,-407.00M,2.00M,222.00M,-220.00M,110.00M,-220.00M,-517.00M,-275.00M,-242.00M,,,-242.00M,-308.43M,212.00M,507.00M,-295.00M,-0.76,,,-0.9357,-0.76,-0.76,,,,2020-09,378.00M,378.00M,0.6375,,2020-09,AOR,
2020-06,2.987B,2.987B,1.83B,1.157B,83.00M,83.00M,,71.00M,103.00M,229.00M,7.00M,-222.00M,,675.00M,482.00M,7.00M,229.00M,-222.00M,92.00M,-222.00M,352.00M,4.00M,348.00M,,,348.00M,277.81M,1.085B,504.00M,581.00M,0.85,,,0.6628,0.85,0.85,,,,2020-06,375.00M,376.00M,0.6375,,2020-06,AOR,
2020-03,2.79B,2.79B,1.809B,981.00M,84.00M,84.00M,,31.00M,111.00M,225.00M,9.00M,-216.00M,,679.00M,302.00M,9.00M,225.00M,-216.00M,43.00M,-216.00M,129.00M,-84.00M,213.00M,,,213.00M,190.37M,855.00M,501.00M,354.00M,0.50,,,0.4377,0.50,0.50,,,,2020-03,363.00M,364.00M,0.6375,,2020-03,AOR,
2019-12,2.97B,2.97B,1.758B,1.212B,340.00M,340.00M,,20.00M,97.00M,222.00M,8.00M,-214.00M,0.00,907.00M,305.00M,8.00M,222.00M,-214.00M,16.00M,-214.00M,107.00M,-66.00M,173.00M,,,173.00M,158.40M,816.00M,487.00M,329.00M,0.40,0.00,,0.3596,0.40,0.40,0.00,,,2019-12,361.00M,362.00M,0.6375,,2019-12,AOR,
2019-09,3.741B,3.741B,2.482B,1.259B,67.00M,67.00M,,35.00M,99.00M,214.00M,13.00M,-201.00M,-2.00M,623.00M,636.00M,13.00M,214.00M,-201.00M,45.00M,-201.00M,480.00M,-22.00M,502.00M,,,502.00M,476.45M,1.173B,479.00M,694.00M,1.36,,,1.286,1.36,1.35,,,,2019-09,347.00M,349.00M,0.6125,,2019-09,AOR,Restated
2019-06,2.812B,2.812B,1.73B,1.082B,0.00,0.00,,-129.00M,93.00M,211.00M,7.00M,-204.00M,-2.00M,412.00M,670.00M,7.00M,211.00M,-204.00M,-122.00M,-204.00M,344.00M,-78.00M,422.00M,,,422.00M,516.17M,894.00M,339.00M,555.00M,1.20,,,1.489,1.20,1.20,,,,2019-06,326.00M,327.00M,0.6125,,2019-06,AOR,Restated
2019-03,2.824B,2.824B,1.887B,937.00M,0.00,0.00,,26.00M,110.00M,194.00M,9.00M,-185.00M,-5.00M,585.00M,352.00M,9.00M,194.00M,-185.00M,29.00M,-185.00M,196.00M,-112.00M,308.00M,,,308.00M,289.02M,888.00M,498.00M,390.00M,0.85,,,0.7918,0.85,0.85,,,,2019-03,326.00M,327.00M,0.6125,,2019-03,AOR,Restated
2018-12,3.009B,3.009B,1.791B,1.218B,,,,16.00M,94.00M,196.00M,9.00M,-187.00M,-2.00M,3.241B,-2.023B,9.00M,196.00M,-187.00M,-6.00M,-187.00M,-2.216B,-782.00M,-1.434B,,,-1.40B,-1.444B,-1.54B,301.00M,-2.02B,-4.49,0.10,,-4.522,-4.39,-4.49,0.10,,,2018-12,326.00M,326.00M,0.6125,,2018-12,AOR,Restated
2018-09,4.269B,4.269B,2.98B,1.289B,,,,59.00M,97.00M,188.00M,6.00M,-182.00M,-2.00M,561.00M,728.00M,6.00M,188.00M,-182.00M,81.00M,-182.00M,627.00M,83.00M,544.00M,,,544.00M,492.79M,1.38B,565.00M,815.00M,1.57,,,1.413,1.57,1.57,,,,2018-09,326.00M,327.00M,0.605,,2018-09,AOR,Restated
2018-06,2.815B,2.815B,1.831B,984.00M,,,5.00M,23.00M,97.00M,180.00M,5.00M,-175.00M,-1.00M,559.00M,425.00M,5.00M,180.00M,-175.00M,39.00M,-175.00M,289.00M,-9.00M,298.00M,,,306.00M,289.21M,1.064B,595.00M,469.00M,0.85,0.00,,0.7985,0.85,0.84,0.00,,,2018-06,326.00M,327.00M,0.605,,2018-06,AOR,Restated
2018-03,2.564B,2.564B,1.601B,963.00M,,,66.00M,-36.00M,107.00M,170.00M,4.00M,-166.00M,-2.00M,567.00M,396.00M,4.00M,170.00M,-166.00M,-19.00M,-166.00M,211.00M,-31.00M,242.00M,,,248.00M,274.28M,860.00M,479.00M,381.00M,0.67,0.00,,0.7506,0.67,0.67,0.00,,,2018-03,326.00M,327.00M,0.605,,2018-03,AOR,Restated
2017-12,3.22B,3.22B,1.944B,1.276B,,,,-686.00M,93.00M,166.00M,2.00M,-164.00M,-1.00M,598.00M,678.00M,2.00M,166.00M,-164.00M,-684.00M,-164.00M,-170.00M,364.00M,-534.00M,,,-515.00M,-103.40M,530.00M,534.00M,-4.00M,-1.67,0.00,,-0.4074,-1.67,-1.67,0.00,,,2017-12,326.00M,326.00M,0.605,,2017-12,AOR,Restated
2017-09,3.672B,3.672B,2.504B,1.168B,,,0.00,36.00M,98.00M,162.00M,3.00M,-159.00M,-7.00M,615.00M,553.00M,3.00M,162.00M,-159.00M,38.00M,-159.00M,432.00M,-69.00M,501.00M,,,502.00M,480.40M,1.133B,539.00M,594.00M,1.44,,,1.374,1.44,1.43,,,,2017-09,326.00M,328.00M,0.5425,,2017-09,AOR,Restated
2017-06,2.965B,2.965B,1.881B,1.084B,,,16.00M,17.00M,86.00M,159.00M,1.00M,-158.00M,,598.00M,486.00M,1.00M,159.00M,-158.00M,7.00M,-158.00M,335.00M,26.00M,309.00M,,,309.00M,293.32M,1.016B,522.00M,494.00M,0.85,0.00,,0.8019,0.85,0.85,0.00,,,2017-06,326.00M,329.00M,0.5425,,2017-06,AOR,Restated
2017-03,2.463B,2.463B,1.388B,1.075B,,,5.00M,26.00M,100.00M,152.00M,1.00M,-151.00M,,599.00M,476.00M,1.00M,152.00M,-151.00M,27.00M,-151.00M,352.00M,-40.00M,392.00M,,,393.00M,377.40M,1.024B,520.00M,504.00M,1.11,0.00,,1.062,1.11,1.10,0.00,,,2017-03,326.00M,329.00M,0.5425,,2017-03,AOR,Restated
2016-12,2.884B,2.884B,1.759B,1.125B,,,21.00M,5.00M,85.00M,150.00M,-1.00M,-151.00M,,567.00M,558.00M,-1.00M,150.00M,-151.00M,21.00M,-151.00M,428.00M,81.00M,347.00M,13.00M,,360.00M,342.95M,1.101B,523.00M,578.00M,1.02,0.04,,1.008,1.06,1.01,0.04,,,2016-12,326.00M,330.00M,0.5425,,2016-12,AOR,Restated
2016-09,3.767B,3.767B,2.459B,1.308B,,,0.00,28.00M,92.00M,147.00M,1.00M,-146.00M,,613.00M,695.00M,1.00M,147.00M,-146.00M,22.00M,-146.00M,571.00M,120.00M,451.00M,0.00,,452.00M,430.50M,1.268B,550.00M,718.00M,1.29,0.00,,1.224,1.29,1.27,0.00,,,2016-09,326.00M,330.00M,0.48,,2016-09,AOR,Restated
2016-06,2.777B,2.777B,1.785B,992.00M,,,21.00M,9.00M,85.00M,144.00M,2.00M,-142.00M,,590.00M,402.00M,2.00M,144.00M,-142.00M,-1.00M,-142.00M,259.00M,-51.00M,310.00M,-2.00M,,311.00M,307.60M,929.00M,526.00M,403.00M,0.87,-0.01,,0.8534,0.86,0.86,-0.01,,,2016-06,326.00M,330.00M,0.48,,2016-06,AOR,Restated
2016-03,2.44B,2.44B,1.423B,1.017B,,,0.00,29.00M,92.00M,140.00M,0.00,-140.00M,,569.00M,448.00M,0.00,140.00M,-140.00M,25.00M,-140.00M,333.00M,28.00M,305.00M,1.00M,,311.00M,283.44M,972.00M,499.00M,473.00M,0.86,0.00,,0.7785,0.86,0.85,0.00,,,2016-03,326.00M,329.00M,0.48,,2016-03,AOR,Restated
2015-12,2.341B,2.341B,1.449B,892.00M,,,5.00M,23.00M,81.00M,135.00M,0.00,-135.00M,,549.00M,343.00M,0.00,135.00M,-135.00M,36.00M,-135.00M,244.00M,291.00M,-47.00M,-8.00M,,-50.00M,-55.80M,869.00M,490.00M,379.00M,-0.22,-0.02,,-0.2623,-0.24,-0.22,-0.02,,,2015-12,326.00M,329.00M,0.48,,2015-12,AOR,Restated
2015-09,3.763B,3.763B,2.565B,1.198B,,,0.00,26.00M,84.00M,138.00M,1.00M,-137.00M,,590.00M,608.00M,1.00M,138.00M,-137.00M,16.00M,-137.00M,487.00M,82.00M,405.00M,43.00M,,449.00M,384.37M,1.153B,528.00M,625.00M,1.16,0.13,,1.094,1.29,1.15,0.13,,,2015-09,326.00M,328.00M,0.4175,,2015-09,AOR,Restated
2015-06,2.908B,2.908B,1.821B,1.087B,,,0.00,28.00M,82.00M,138.00M,2.00M,-136.00M,,563.00M,524.00M,2.00M,138.00M,-136.00M,24.00M,-136.00M,412.00M,6.00M,406.00M,0.00,,407.00M,379.42M,1.052B,502.00M,550.00M,1.16,0.00,,1.075,1.16,1.15,0.00,,,2015-06,326.00M,328.00M,0.4175,,2015-06,AOR,Restated
2015-03,2.512B,2.512B,1.422B,1.09B,,,,31.00M,89.00M,143.00M,1.00M,-142.00M,,552.00M,538.00M,1.00M,143.00M,-142.00M,28.00M,-142.00M,424.00M,106.00M,318.00M,0.00,,327.00M,303.75M,1.052B,485.00M,567.00M,0.92,0.00,,0.8487,0.92,0.91,0.00,,,2015-03,326.00M,329.00M,0.4175,,2015-03,AOR,Restated
2014-12,3.115B,3.115B,1.934B,1.181B,,,-71.00M,99.00M,87.00M,138.00M,-1.00M,-139.00M,,559.00M,622.00M,-1.00M,138.00M,-139.00M,82.00M,-139.00M,565.00M,159.00M,406.00M,39.00M,,448.00M,337.86M,1.206B,503.00M,703.00M,1.17,0.12,,0.9518,1.29,1.15,0.12,,,2014-12,326.00M,329.00M,0.4175,,2014-12,AOR,Restated
2014-09,4.356B,4.356B,2.984B,1.372B,,,-3.00M,16.00M,77.00M,141.00M,1.00M,-140.00M,,501.00M,871.00M,1.00M,141.00M,-140.00M,13.00M,-140.00M,744.00M,220.00M,524.00M,-16.00M,,508.00M,512.74M,1.333B,448.00M,885.00M,1.52,-0.05,,1.485,1.47,1.51,-0.05,,,2014-09,326.00M,329.00M,0.355,,2014-09,AOR,Restated
2014-06,3.016B,3.016B,1.954B,1.062B,,,0.00,41.00M,73.00M,139.00M,3.00M,-136.00M,,487.00M,575.00M,3.00M,139.00M,-136.00M,27.00M,-136.00M,466.00M,84.00M,382.00M,184.00M,,566.00M,348.38M,1.037B,432.00M,605.00M,1.08,0.56,,0.9769,1.64,1.07,0.56,,,2014-06,326.00M,329.00M,0.355,,2014-06,AOR,Restated
2014-03,2.926B,2.926B,1.869B,1.057B,,,231.00M,-211.00M,85.00M,141.00M,2.00M,-139.00M,,495.00M,562.00M,2.00M,141.00M,-139.00M,-218.00M,-139.00M,205.00M,-19.00M,224.00M,-22.00M,,202.00M,361.15M,778.00M,432.00M,346.00M,0.61,-0.07,,1.031,0.54,0.61,-0.07,,,2014-03,326.00M,329.00M,0.355,,2014-03,AOR,Restated
2013-12,2.943B,2.943B,1.737B,1.206B,,,-4.00M,42.00M,,142.00M,2.00M,-140.00M,,707.00M,499.00M,2.00M,142.00M,-140.00M,-1.00M,-140.00M,358.00M,69.00M,289.00M,37.00M,,326.00M,255.09M,972.00M,472.00M,500.00M,0.82,0.11,,0.7160,0.93,0.80,0.11,,,2013-12,326.00M,329.00M,0.355,,2013-12,AOR,Restated
2013-09,3.96B,3.96B,2.779B,1.181B,,,0.00,24.00M,,137.00M,2.00M,-135.00M,,392.00M,789.00M,2.00M,137.00M,-135.00M,11.00M,-135.00M,665.00M,177.00M,488.00M,-25.00M,,463.00M,470.38M,1.194B,392.00M,802.00M,1.42,-0.08,,1.366,1.34,1.41,-0.08,,,2013-09,326.00M,328.00M,0.3375,,2013-09,AOR,Restated
2013-06,3.046B,3.046B,2.124B,922.00M,,,575.00M,-550.00M,,133.00M,4.00M,-129.00M,,418.00M,504.00M,4.00M,133.00M,-129.00M,-559.00M,-129.00M,-184.00M,-102.00M,-82.00M,12.00M,,-70.00M,275.50M,367.00M,418.00M,-51.00M,-0.33,0.04,,0.7666,-0.29,-0.33,0.04,,,2013-06,326.00M,326.00M,0.3375,,2013-06,AOR,Restated
2013-03,2.632B,2.632B,1.726B,906.00M,,,0.00,28.00M,,131.00M,2.00M,-129.00M,,414.00M,492.00M,2.00M,131.00M,-129.00M,21.00M,-129.00M,384.00M,98.00M,286.00M,12.00M,,298.00M,265.14M,929.00M,414.00M,515.00M,0.79,0.04,,0.7260,0.83,0.78,0.04,,,2013-03,326.00M,329.00M,0.3375,,2013-03,AOR,Restated
2012-12,3.06B,3.06B,1.587B,1.473B,,,37.00M,-5.00M,,131.00M,2.00M,-129.00M,,671.00M,802.00M,2.00M,131.00M,-129.00M,-16.00M,-129.00M,657.00M,-154.00M,811.00M,-1.326B,,-515.00M,814.25M,1.184B,396.00M,788.00M,2.41,-4.06,,2.420,-1.65,2.37,-4.06,,,2012-12,326.00M,336.00M,0.3375,,2012-12,AOR,Restated
2012-09,3.734B,3.734B,2.688B,1.046B,,,-66.00M,95.00M,,131.00M,2.00M,-129.00M,,399.00M,647.00M,2.00M,131.00M,-129.00M,92.00M,-129.00M,610.00M,228.00M,382.00M,-167.00M,,215.00M,322.53M,1.157B,416.00M,741.00M,1.09,-0.51,,0.9076,0.58,1.09,-0.51,,,2012-09,326.00M,329.00M,0.325,,2012-09,AOR,Restated
2012-06,2.653B,2.653B,1.834B,819.00M,,,-1.00M,35.00M,,134.00M,2.00M,-132.00M,,400.00M,419.00M,2.00M,134.00M,-132.00M,20.00M,-132.00M,307.00M,100.00M,207.00M,-109.00M,,97.00M,182.41M,856.00M,415.00M,441.00M,0.56,-0.33,,0.4876,0.23,0.55,-0.33,,,2012-06,326.00M,334.00M,0.325,,2012-06,AOR,Restated
2012-03,2.415B,2.415B,1.638B,777.00M,,,,27.00M,,126.00M,2.00M,-124.00M,,388.00M,389.00M,2.00M,126.00M,-124.00M,22.00M,-124.00M,287.00M,91.00M,196.00M,-84.00M,,112.00M,177.56M,820.00M,407.00M,413.00M,0.54,-0.26,,0.4834,0.28,0.54,-0.26,,,2012-03,326.00M,329.00M,0.325,,2012-03,AOR,Restated
2011-12,1.251B,1.251B,3.981B,-2.73B,,,,31.00M,,-115.00M,-33.00M,82.00M,,-3.17B,440.00M,-33.00M,-115.00M,82.00M,-72.00M,82.00M,450.00M,198.00M,252.00M,-1.075B,,-780.00M,274.85M,490.00M,43.00M,335.00M,0.73,-3.30,,0.6682,-2.57,0.71,-3.30,,,2011-12,326.00M,329.00M,0.325,,2011-12,AOR,Restated
2011-09,3.822B,3.822B,1.536B,2.286B,,,,16.00M,,203.00M,4.00M,-199.00M,,1.501B,785.00M,4.00M,203.00M,-199.00M,72.00M,-199.00M,658.00M,232.00M,426.00M,15.00M,,426.00M,400.64M,1.318B,457.00M,861.00M,1.26,0.05,,1.228,1.31,1.25,0.05,,,2011-09,326.00M,329.00M,0.32,,2011-09,AOR,Restated
2011-06,2.983B,2.983B,905.00M,2.078B,,,,21.00M,,203.00M,30.00M,-173.00M,,1.69B,388.00M,30.00M,203.00M,-173.00M,39.00M,-173.00M,254.00M,62.00M,192.00M,-1.00M,,176.00M,161.13M,930.00M,473.00M,457.00M,0.54,0.00,,0.4913,0.54,0.54,0.00,,,2011-06,326.00M,329.00M,0.32,,2011-06,AOR,Restated
2011-03,2.782B,2.782B,766.00M,2.016B,,,,28.00M,,196.00M,4.00M,-192.00M,,1.566B,450.00M,4.00M,196.00M,-192.00M,23.00M,-192.00M,281.00M,65.00M,216.00M,-2.00M,,200.00M,180.48M,931.00M,454.00M,477.00M,0.62,-0.01,,0.5540,0.61,0.62,-0.01,,,2011-03,326.00M,328.00M,0.32,,2011-03,AOR,Restated
2010-12,640.00M,656.00M,3.687B,-3.031B,,,,59.00M,,-78.00M,-17.00M,61.00M,,-3.133B,102.00M,-17.00M,-78.00M,61.00M,-70.00M,61.00M,93.00M,74.00M,19.00M,160.00M,,218.00M,19.65M,178.00M,163.00M,15.00M,0.02,0.49,,-0.0976,0.51,0.02,0.49,,,2010-12,326.00M,332.00M,0.32,,2010-12,AOR,Restated
2010-09,3.788B,3.788B,1.446B,2.342B,,,,21.00M,,175.00M,4.00M,-171.00M,,1.48B,862.00M,4.00M,175.00M,-171.00M,83.00M,-171.00M,774.00M,247.00M,527.00M,-4.00M,,510.00M,499.70M,1.361B,412.00M,949.00M,1.57,-0.01,,1.526,1.56,1.57,-0.01,,,2010-09,326.00M,328.00M,0.315,,2010-09,AOR,Restated
2010-06,2.741B,2.741B,866.00M,1.875B,,,,20.00M,,175.00M,4.00M,-171.00M,,1.524B,351.00M,4.00M,175.00M,-171.00M,40.00M,-171.00M,220.00M,-136.00M,356.00M,1.00M,,344.00M,330.00M,807.00M,412.00M,395.00M,1.05,0.00,,1.010,1.05,1.05,0.00,,,2010-06,326.00M,327.00M,0.315,,2010-06,AOR,Restated
2010-03,2.81B,2.81B,903.00M,1.907B,,3.00M,,26.00M,,168.00M,19.00M,-149.00M,,1.409B,498.00M,19.00M,168.00M,-149.00M,44.00M,-149.00M,393.00M,150.00M,243.00M,6.00M,,236.00M,213.92M,954.00M,393.00M,561.00M,0.70,0.02,,0.6507,0.72,0.70,0.02,,,2010-03,326.00M,328.00M,0.315,,2010-03,AOR,Restated
2009-12,3.051B,3.051B,993.00M,2.058B,,,,-866.00M,,176.00M,3.00M,-173.00M,,728.00M,1.33B,3.00M,176.00M,-173.00M,-858.00M,-173.00M,299.00M,71.00M,228.00M,-2.00M,,212.00M,874.36M,1.062B,587.00M,475.00M,0.66,-0.01,,2.686,0.65,0.65,-0.01,,,2009-12,326.00M,326.00M,0.315,,2009-12,AOR,Restated
2009-09,3.664B,3.664B,1.438B,2.226B,,0.00,,58.00M,,187.00M,2.00M,-185.00M,1.093B,1.458B,768.00M,2.00M,187.00M,-185.00M,93.00M,-185.00M,676.00M,232.00M,444.00M,-1.00M,,403.00M,365.91M,1.228B,365.00M,863.00M,1.23,0.00,,1.113,1.23,1.22,0.00,,,2009-09,326.00M,329.00M,0.31,,2009-09,AOR,Restated
2009-06,2.834B,2.834B,911.00M,1.923B,,866.00M,,13.00M,,182.00M,17.00M,-165.00M,1.074B,2.287B,-364.00M,17.00M,182.00M,-165.00M,19.00M,-165.00M,-510.00M,-524.00M,14.00M,-7.00M,,-16.00M,-17.45M,19.00M,346.00M,-328.00M,-0.03,-0.02,,-0.0559,-0.05,-0.03,-0.02,,,2009-06,326.00M,327.00M,0.31,,2009-06,AOR,Restated
2009-03,2.812B,2.812B,927.00M,1.885B,,,,20.00M,,187.00M,10.00M,-177.00M,990.00M,1.332B,553.00M,10.00M,187.00M,-177.00M,12.00M,-177.00M,388.00M,122.00M,266.00M,3.00M,,250.00M,233.29M,917.00M,342.00M,575.00M,0.75,0.01,,0.7079,0.76,0.75,0.01,,,2009-03,326.00M,327.00M,0.31,,2009-03,AOR,Restated
2008-12,3.536B,3.536B,1.156B,2.38B,,,,-46.00M,,,,,,1.885B,495.00M,,,,-15.00M,,386.00M,75.00M,311.00M,,,178.00M,215.06M,1.066B,446.00M,620.00M,0.66,0.00,,0.7737,0.66,0.66,0.00,,,2008-12,326.00M,329.00M,0.31,,2008-12,,Restated
2008-09,4.111B,4.111B,2.597B,1.514B,,,,-29.00M,,,,,288.00M,550.00M,964.00M,,,,-29.00M,,723.00M,277.00M,446.00M,6.00M,,452.00M,463.89M,1.292B,328.00M,964.00M,1.31,0.02,,1.365,1.33,1.31,0.02,,,2008-09,326.00M,328.00M,0.305,,2008-09,,
2008-06,3.477B,3.477B,1.58B,1.897B,,-56.00M,,9.00M,,165.00M,22.00M,-143.00M,1.113B,1.391B,506.00M,22.00M,165.00M,-143.00M,18.00M,-143.00M,381.00M,83.00M,298.00M,-1.00M,,261.00M,254.96M,880.00M,334.00M,546.00M,0.79,0.00,,0.7684,0.79,0.79,0.00,,,2008-06,326.00M,329.00M,0.305,,2008-06,,Restated
2008-03,3.113B,3.113B,1.23B,1.883B,,,,13.00M,,171.00M,14.00M,-157.00M,944.00M,1.255B,628.00M,14.00M,171.00M,-157.00M,15.00M,-157.00M,486.00M,161.00M,325.00M,-5.00M,,299.00M,295.31M,968.00M,311.00M,657.00M,0.92,-0.01,,0.8933,0.91,0.92,-0.01,,,2008-03,326.00M,329.00M,0.305,,2008-03,,Restated
2007-12,2.966B,2.966B,1.254B,1.712B,,,,-41.00M,,,,,983.00M,1.227B,485.00M,,,,-41.00M,,276.00M,100.00M,176.00M,-3.00M,,173.00M,202.14M,829.00M,344.00M,485.00M,0.65,-0.01,,0.7302,0.64,0.65,-0.01,,,2007-12,326.00M,331.00M,0.305,,2007-12,,
2007-09,3.942B,3.942B,1.786B,2.156B,,,,64.00M,,,,,947.00M,1.257B,899.00M,,,,64.00M,,741.00M,263.00M,478.00M,-4.00M,,474.00M,436.72M,1.239B,340.00M,899.00M,1.41,-0.01,,1.283,1.40,1.40,-0.01,,,2007-09,326.00M,330.00M,0.29,,2007-09,,
2007-06,3.047B,3.047B,,,,,,,,,,,,,3.047B,,,,,,,,91.00M,2.00M,,93.00M,91.00M,3.394B,347.00M,3.047B,0.28,0.01,,0.28,0.29,0.28,0.00,,,2007-06,326.00M,330.00M,0.29,,2007-06,,
2007-03,2.912B,2.912B,803.00M,2.109B,,,,23.00M,,,,,1.169B,1.482B,627.00M,,,,23.00M,,459.00M,129.00M,330.00M,3.00M,,333.00M,313.46M,971.00M,344.00M,627.00M,1.00,0.01,,0.9493,1.01,0.99,0.01,,,2007-03,326.00M,330.00M,0.29,,2007-03,,
2006-12,2.614B,2.614B,711.00M,1.903B,,,,-10.00M,,,,,1.253B,1.434B,469.00M,,,,-10.00M,,332.00M,66.00M,266.00M,22.00M,0.00,288.00M,274.01M,754.00M,285.00M,469.00M,0.79,0.07,0.00,0.8132,0.86,0.79,0.07,-0.0000,,2006-12,345.25M,345.25M,0.29,,2006-12,,
2006-09,3.802B,3.802B,1.522B,2.28B,,,,42.00M,56.00M,,,,968.00M,1.317B,963.00M,,,,42.00M,,770.00M,310.00M,460.00M,-2.00M,,458.00M,434.80M,1.284B,321.00M,963.00M,1.39,-0.01,,1.313,1.38,1.39,-0.01,,,2006-09,326.00M,330.00M,0.27,,2006-09,,
2006-06,3.001B,3.001B,1.149B,1.852B,,,,21.00M,,,,,1.066B,1.405B,447.00M,,,,21.00M,,268.00M,95.00M,173.00M,4.00M,,177.00M,159.44M,808.00M,361.00M,447.00M,0.53,0.01,,0.4884,0.54,0.53,0.01,,,2006-06,326.00M,330.00M,0.27,,2006-06,,
2006-03,2.751B,2.751B,1.476B,1.275B,,,,22.00M,56.00M,,,,467.00M,815.00M,460.00M,,,,22.00M,,295.00M,111.00M,184.00M,73.00M,1.00M,258.00M,170.28M,773.00M,313.00M,460.00M,0.56,0.22,0.00,0.5179,0.78,0.56,0.22,0.0030,,2006-03,326.00M,331.00M,0.27,,2006-03,,
2005-12,2.974B,2.974B,1.49B,1.484B,,,,81.00M,50.00M,,,,132.00M,882.00M,602.00M,,,,81.00M,,489.00M,190.00M,299.00M,-25.00M,,273.00M,249.47M,893.00M,291.00M,602.00M,0.91,-0.08,,0.7581,0.83,0.89,-0.08,,,2005-12,326.00M,335.00M,0.27,,2005-12,,
2005-09,3.783B,3.783B,991.00M,2.792B,,,,19.00M,51.00M,,,,1.683B,2.004B,788.00M,,,,19.00M,,564.00M,129.00M,435.00M,27.00M,,462.00M,420.35M,1.091B,303.00M,788.00M,1.33,0.08,,1.285,1.41,1.31,0.08,,,2005-09,326.00M,332.00M,0.25,,2005-09,,
2005-06,2.649B,2.649B,1.142B,1.507B,,,,26.00M,50.00M,,,,781.00M,1.098B,409.00M,,,,26.00M,,214.00M,34.00M,180.00M,21.00M,,201.00M,158.13M,702.00M,293.00M,409.00M,0.55,0.06,,0.4829,0.61,0.55,0.06,,,2005-06,326.00M,331.00M,0.25,,2005-06,,
2005-03,2.446B,2.446B,807.00M,1.639B,,,,69.00M,52.00M,,,,880.00M,1.191B,448.00M,,,,69.00M,,298.00M,104.00M,194.00M,7.00M,,201.00M,149.08M,729.00M,281.00M,448.00M,0.59,0.02,,0.4522,0.61,0.5861,0.02,,,2005-03,326.00M,331.00M,0.25,,2005-03,,
2004-12,2.33B,2.33B,712.00M,1.618B,,,,0.00,38.00M,,,,1.06B,1.164B,454.00M,,,,0.00,,206.00M,-52.00M,258.00M,120.00M,,379.00M,258.00M,740.00M,286.00M,454.00M,0.79,0.37,,0.79,1.16,0.79,-1.73,,,2004-12,326.00M,332.74M,0.25,,2004-12,,
2004-09,3.188B,3.188B,1.33B,1.858B,,,,32.00M,50.00M,,,,788.00M,1.07B,788.00M,,,,32.00M,,495.00M,181.00M,314.00M,499.00M,,813.00M,293.70M,1.051B,263.00M,788.00M,0.96,1.53,,0.8977,2.49,0.95,1.51,,,2004-09,326.00M,330.00M,0.20,,2004-09,,
2004-06,2.565B,2.565B,911.00M,1.654B,,,,3.00M,53.00M,,,,1.717B,2.036B,-382.00M,,,,3.00M,,-664.00M,-264.00M,-400.00M,26.00M,,-374.00M,-401.81M,-90.00M,292.00M,-382.00M,-1.23,0.08,,-1.236,-1.15,-1.23,0.08,,,2004-06,326.00M,326.00M,0.20,,2004-06,,
2004-03,2.116B,2.116B,807.00M,1.309B,,,,87.00M,45.00M,,,,768.00M,1.069B,240.00M,,,,87.00M,,95.00M,43.00M,52.00M,46.00M,-1.00M,97.00M,-0.20M,519.00M,279.00M,240.00M,0.16,0.14,0.00,-0.0001,0.30,0.16,0.14,-0.0031,,2004-03,326.00M,330.00M,0.20,,2004-03,,
2003-12,2.339B,2.339B,874.00M,1.465B,,,,54.00M,62.00M,,,,-274.00M,1.247B,218.00M,,,,54.00M,,13.00M,-125.00M,138.00M,59.00M,0.00,197.00M,105.60M,566.00M,348.00M,218.00M,0.42,0.18,0.00,0.3178,0.60,0.42,-0.35,-0.0003,,2003-12,317.00M,335.60M,0.20,,2003-12,,
2003-09,3.421B,3.421B,1.252B,2.169B,,,,134.00M,50.00M,,,,1.036B,1.339B,830.00M,,,,134.00M,,720.00M,260.00M,460.00M,84.00M,,544.00M,374.39M,1.083B,214.00M,830.00M,1.41,0.26,,1.150,1.67,1.40,0.25,,,2003-09,329.00M,329.00M,0.00,,2003-09,,
2003-06,3.125B,3.125B,1.015B,2.11B,,,,69.00M,51.00M,,,,1.583B,1.886B,224.00M,,,,69.00M,,11.00M,-13.00M,24.00M,,,24.00M,-17.40M,502.00M,278.00M,224.00M,0.07,0.00,,-0.0570,0.07,0.07,0.00,,,2003-06,326.00M,329.00M,0.00,,2003-06,,
2003-03,2.523B,2.523B,786.00M,1.737B,,,,64.00M,51.00M,,,,1.087B,1.426B,311.00M,,,,64.00M,,93.00M,30.00M,63.00M,3.00M,-9.00M,57.00M,19.65M,626.00M,315.00M,311.00M,0.19,0.01,0.00,0.0570,0.17,0.19,0.01,-0.0276,,2003-03,326.00M,328.00M,0.00,,2003-03,,
2002-12,1.431B,1.431B,365.00M,1.066B,,,,29.00M,22.00M,,,,-537.00M,1.156B,-90.00M,,,,29.00M,,-176.00M,-152.00M,-24.00M,0.00,,-24.00M,-41.40M,211.00M,301.00M,-90.00M,-0.07,0.00,,-0.1232,-0.07,-0.07,-0.07,,,2002-12,326.78M,327.44M,0.00,,2002-12,,
2002-09,3.706B,3.706B,1.134B,2.572B,,,,102.00M,35.00M,,,,1.577B,1.868B,704.00M,,,,102.00M,,520.00M,175.00M,345.00M,7.00M,,352.00M,277.33M,990.00M,286.00M,704.00M,1.06,0.02,,0.8524,1.08,1.05,0.02,,,2002-09,325.93M,328.97M,0.00,,2002-09,,
2002-06,2.824B,2.824B,860.00M,1.964B,,,,-3.00M,36.00M,,,,464.00M,761.00M,1.203B,,,,-3.00M,,946.00M,290.00M,656.00M,9.00M,,665.00M,658.08M,1.491B,288.00M,1.203B,2.01,0.03,,2.016,2.04,1.99,0.03,,,2002-06,325.98M,329.21M,0.00,,2002-06,,
2002-03,2.488B,2.488B,511.00M,1.977B,,,,29.00M,39.00M,,,,1.387B,1.668B,309.00M,,,,29.00M,,95.00M,16.00M,79.00M,5.00M,,84.00M,54.88M,577.00M,268.00M,309.00M,0.24,0.02,,0.1654,0.26,0.24,0.02,,,2002-03,323.08M,323.08M,0.00,,2002-03,,
2001-12,2.538B,2.538B,793.00M,1.745B,,,,539.00M,26.00M,,,,909.00M,1.213B,532.00M,,,,539.00M,,3.664B,1.492B,2.172B,-5.00M,,2.167B,1.849B,835.00M,303.00M,532.00M,6.60,0.05,,5.606,6.65,2.46,0.05,,,2001-12,325.33M,327.32M,0.00,,2001-12,,
2001-09,3.882B,3.882B,1.074B,2.808B,,,,-4.00M,28.00M,,,,763.00M,1.033B,1.775B,,,,-4.00M,,1.361B,560.00M,801.00M,-1.214B,,-413.00M,803.40M,2.044B,269.00M,1.775B,2.46,-3.73,,2.467,-1.27,2.46,-3.73,,,2001-09,325.20M,325.20M,0.00,,2001-09,,
2001-06,2.446B,2.446B,1.076B,1.37B,,,,-55.00M,29.00M,,,,664.00M,923.00M,447.00M,,,,-55.00M,,90.00M,31.00M,59.00M,-161.00M,,-102.00M,95.06M,677.00M,213.00M,447.00M,0.18,-0.49,,0.2896,-0.31,0.18,-0.49,,,2001-06,329.03M,329.03M,0.00,,2001-06,,
2001-03,2.195B,2.195B,1.966B,229.00M,,,,10.00M,30.00M,,,,687.00M,940.00M,-711.00M,,,,10.00M,,-1.065B,-436.00M,-629.00M,12.00M,,-617.00M,-635.00M,-431.00M,280.00M,-711.00M,-1.93,0.04,,-1.948,-1.89,-1.93,0.04,,,2001-03,326.46M,326.46M,0.00,,2001-03,,
2000-12,1.298B,1.298B,1.658B,-360.18M,,,,444.11M,28.55M,,,,1.183B,1.480B,-1.840B,,,,444.11M,,-4.019B,-1.473B,-2.546B,,,-2.550B,-2.827B,-1.536B,304.05M,-1.840B,-7.77,0.12,,-8.627,-7.65,-7.77,0.00,,,2000-12,328.25M,328.25M,0.00,,2000-12,,
2000-09,3.653B,3.653B,2.251B,1.402B,,,,-17.20M,30.34M,,,,-125.00M,440.34M,961.66M,,,,-17.20M,,632.77M,272.62M,360.15M,,,360.15M,370.47M,1.539B,576.95M,961.66M,1.11,0.00,,1.142,1.11,1.10,0.00,,,2000-09,325.81M,327.41M,0.28,,2000-09,,
2000-06,2.749B,2.749B,946.00M,1.803B,,,,1.00M,30.00M,,,,731.00M,1.247B,556.00M,,,,1.00M,,229.00M,92.00M,137.00M,,,137.00M,136.40M,1.09B,534.00M,556.00M,0.41,0.00,,0.4082,0.41,0.41,0.00,,,2000-06,334.15M,334.15M,0.28,,2000-06,,
2000-03,2.723B,2.723B,836.00M,1.887B,,,,-23.00M,40.00M,,,,831.00M,1.365B,522.00M,,,,-23.00M,,199.00M,89.00M,110.00M,,,110.00M,123.80M,1.059B,537.00M,522.00M,0.32,0.00,,0.3601,0.32,0.32,0.00,,,2000-03,343.75M,343.75M,0.28,,2000-03,,
1999-12,2.015B,2.015B,941.00M,1.074B,,,,-379.40M,25.40M,,,,550.70M,881.20M,193.10M,,,,-379.40M,,188.20M,34.10M,154.10M,,,-9.90M,464.76M,691.20M,498.10M,193.10M,0.44,-0.17,,1.322,0.27,0.28,-0.17,,,1999-12,352.07M,352.07M,0.27,,1999-12,,
1999-09,2.957B,2.957B,1.315B,1.642B,,,,197.00M,29.90M,,,,658.20M,1.201B,440.80M,,,,197.00M,,401.50M,146.20M,255.30M,,,255.30M,130.03M,953.70M,512.90M,440.80M,0.74,0.00,,0.3769,0.74,0.73,0.00,,,1999-09,345.00M,349.73M,0.27,,1999-09,,
1999-06,2.116B,2.116B,638.60M,1.477B,,,,89.00M,29.60M,,,,699.40M,1.181B,296.70M,,,,89.00M,,195.70M,67.30M,128.40M,,,128.40M,70.01M,748.40M,451.70M,296.70M,0.37,0.00,,0.2018,0.37,0.37,0.00,,,1999-06,347.20M,347.20M,0.27,,1999-06,,
1999-03,2.096B,2.096B,841.30M,1.255B,,,,-1.972M,39.16M,,,,388.44M,851.58M,403.02M,,,,-1.972M,,236.27M,93.06M,143.21M,,,143.21M,144.41M,847.32M,444.30M,403.02M,0.41,0.00,,0.4134,0.41,0.41,0.00,,,1999-03,349.30M,349.30M,0.27,,1999-03,,
1998-12,2.258B,2.258B,949.90M,1.308B,,,,-326.90M,26.60M,,,,612.30M,1.103B,204.70M,,,,-326.90M,,196.70M,34.30M,162.40M,,,162.40M,432.30M,669.00M,,204.70M,0.46,0.00,,1.226,0.46,0.46,0.00,,,1998-12,352.57M,353.04M,0.26,,1998-12,,
1998-09,2.754B,2.754B,1.404B,1.350B,,,,476.30M,32.50M,,,,773.40M,1.262B,87.80M,,,,476.30M,,405.70M,189.40M,216.30M,,,216.30M,-69.48M,544.20M,,87.80M,0.61,0.00,,-0.1959,0.61,0.60,0.00,,,1998-09,354.59M,360.50M,0.26,,1998-09,,
1998-06,1.939B,1.939B,665.80M,1.273B,,,,-471.30M,33.20M,,,,-72.00M,413.50M,859.70M,,,,-471.30M,,244.30M,99.00M,145.30M,,,145.30M,428.08M,1.312B,,859.70M,0.40,0.00,,1.178,0.40,0.40,0.00,,,1998-06,363.25M,363.25M,0.26,,1998-06,,
