,OperatingRevenue,Revenue,CostofGoodsSold,GrossProfit,GeneralandAdministrativeExpense,SG&AExpense,InvestmentWriteOff,SpecialIncomeandCharges,ProvisionforDoubtfulAccounts,OperatingInterestExpense,NetOperatingInterestIncome,OtherOperatingExpenses,TotalOperatingExpenses,OperatingIncome,Non-OperatingInterestExpense,NetNon-OperatingInterestIncomeExpense,OtherIncomeandExpenses,NetInterestIncome,Pre-TaxIncome,ProvisionforIncomeTaxes,IncomefromContinuingOperations,IncomefromDiscontinuedOperations,IncomeAttributabletoMinorityInterest,NetIncome,NormalizedIncome,EBIT,,BasicEPS(Quarterly),EPSBasicfromContinuingOperations,EPSBasicfromDiscontinuedOperations,EPSBasic,,DilutedEPS(Quarterly),EPSDilutedfromContinuingOperations,EPSDilutedfromDiscontinuedOperations,EPSDiluted,,SharesData(Quarterly),,SECFilingLinks,AsOriginallyReported,Restated
2020-09,2.782B,2.924B,1.972B,952.35M,363.28M,363.28M,,0.00,,73.66M,-159.73M,,520.17M,432.17M,73.66M,-159.73M,10.89M,-159.73M,283.33M,65.79M,217.54M,0.00,-58.87M,158.67M,158.67M,356.99M,,2020-09,1.31,0.00,1.31,,2020-09,1.28,0.00,1.28,,2020-09,,2020-09,AOR,
2020-06,2.758B,2.880B,1.985B,895.42M,316.21M,316.21M,,-16.25M,,81.38M,-81.38M,,473.58M,421.83M,81.38M,-81.38M,-2.365M,-81.38M,338.08M,83.21M,254.87M,0.00,-53.27M,201.60M,213.86M,419.46M,,2020-06,1.65,0.00,1.65,,2020-06,1.62,0.00,1.62,,2020-06,,2020-06,AOR,
2020-03,2.713B,2.841B,1.975B,865.79M,263.58M,263.58M,,0.00,,88.60M,-91.55M,,418.26M,447.53M,88.60M,-91.55M,13.49M,-91.55M,369.48M,91.56M,277.92M,9.98M,-48.30M,239.59M,229.61M,458.08M,,2020-03,1.84,0.08,1.92,,2020-03,1.81,0.08,1.89,,2020-03,,2020-03,AOR,
2019-12,2.788B,2.899B,2.001B,897.96M,278.42M,278.42M,,0.00,,92.05M,-92.05M,,436.89M,461.07M,92.05M,-92.05M,13.01M,-92.05M,382.02M,81.69M,300.33M,2.629M,-58.09M,244.87M,242.24M,474.07M,,2019-12,1.871,0.0203,1.89,,2019-12,1.856,0.0201,1.88,,2019-12,,2019-12,AOR,
2019-09,2.777B,2.904B,1.991B,912.91M,298.74M,298.74M,,-83.86M,,88.59M,-109.83M,,454.65M,458.26M,88.59M,-109.83M,-74.64M,-109.83M,273.78M,65.25M,208.53M,-6.843M,-58.42M,143.27M,214.01M,362.37M,,2019-09,1.00,-0.05,0.95,,2019-09,0.99,-0.05,0.95,,2019-09,,2019-09,AOR,Restated
2019-06,2.724B,2.843B,1.958B,884.95M,275.34M,275.34M,,0.00,,131.67M,-143.83M,,427.58M,457.37M,131.67M,-143.83M,10.16M,-143.83M,323.70M,75.94M,247.76M,79.39M,-53.61M,273.55M,194.16M,455.37M,,2019-06,1.17,0.47,1.64,,2019-06,1.16,0.47,1.64,,2019-06,,2019-06,AOR,Restated
2019-03,2.630B,2.743B,1.965B,778.18M,250.81M,250.81M,,-41.04M,,131.52M,-131.52M,,399.34M,378.84M,131.52M,-131.52M,-31.39M,-131.52M,215.93M,56.75M,159.18M,30.30M,-40.20M,149.29M,149.23M,347.45M,,2019-03,0.72,0.18,0.90,,2019-03,0.72,0.18,0.90,,2019-03,,2019-03,AOR,Restated
2018-12,2.730B,2.821B,2.027B,794.06M,268.53M,268.53M,0.00,28.15M,0.00,128.30M,-128.30M,,423.69M,370.37M,128.30M,-128.30M,17.05M,-128.30M,259.11M,51.75M,207.37M,-309.21M,-47.93M,-149.77M,136.91M,387.41M,,2018-12,0.97,-1.87,-0.90,,2018-12,0.96,-1.87,-0.90,,2018-12,,2018-12,AOR,Restated
2018-09,2.671B,2.847B,2.064B,783.56M,336.30M,336.30M,6.093M,-7.599M,0.80M,125.93M,-125.93M,,483.10M,300.46M,125.93M,-125.93M,-7.416M,-125.93M,167.12M,52.05M,115.07M,-211.74M,-40.13M,-136.80M,80.18M,293.04M,,2018-09,0.44,-1.26,-0.82,,2018-09,0.44,-1.26,-0.82,,2018-09,,2018-09,AOR,Restated
2018-06,2.718B,2.887B,2.069B,817.86M,264.09M,264.09M,11.24M,19.61M,-2.10M,119.69M,-119.69M,,409.07M,408.79M,119.69M,-119.69M,31.40M,-119.69M,320.49M,83.87M,236.63M,69.70M,-39.05M,267.28M,183.11M,440.19M,,2018-06,1.16,0.40,1.56,,2018-06,1.15,0.38,1.53,,2018-06,,2018-06,AOR,Restated
2018-03,2.591B,2.849B,2.036B,813.86M,266.53M,266.53M,,0.00,-6.00M,113.52M,-113.52M,,403.33M,410.53M,113.52M,-113.52M,4.737M,-113.52M,301.75M,70.74M,231.02M,-5.786M,-46.54M,178.69M,184.47M,415.27M,,2018-03,1.07,-0.07,1.00,,2018-03,1.05,-0.07,0.98,,2018-03,,2018-03,AOR,Restated
2017-12,2.615B,2.781B,1.942B,839.23M,265.42M,265.42M,280.07M,-281.57M,-5.652M,109.00M,-109.00M,,404.14M,435.09M,109.00M,-109.00M,-279.26M,-109.00M,46.82M,-150.27M,197.09M,143.59M,-37.28M,303.40M,328.75M,155.82M,,2017-12,0.86,0.80,1.66,,2017-12,0.85,0.79,1.64,,2017-12,,2017-12,AOR,Restated
2017-09,2.562B,2.765B,1.952B,813.46M,272.91M,272.91M,0.00,0.00,-2.685M,109.31M,-109.31M,,412.86M,400.60M,109.31M,-109.31M,-1.912M,-109.31M,289.38M,90.55M,198.84M,-370.87M,-42.44M,-214.48M,156.40M,398.69M,,2017-09,0.81,-1.95,-1.14,,2017-09,0.80,-1.95,-1.14,,2017-09,,2017-09,AOR,Restated
2017-06,2.495B,2.699B,1.895B,804.74M,262.80M,262.80M,,-10.50M,-0.606M,107.93M,-107.93M,,402.22M,402.52M,107.93M,-107.93M,-6.525M,-107.93M,288.06M,101.92M,186.14M,-24.52M,-34.62M,127.00M,158.30M,395.99M,,2017-06,0.79,-0.13,0.66,,2017-06,0.78,-0.13,0.65,,2017-06,,2017-06,AOR,Restated
2017-03,2.423B,2.631B,1.852B,779.21M,262.90M,262.90M,15.17M,493.73M,1.91M,104.40M,-104.40M,,397.69M,381.52M,104.40M,-104.40M,498.40M,-104.40M,775.52M,281.66M,493.85M,6.433M,-52.59M,447.70M,126.85M,879.91M,,2017-03,2.29,0.04,2.33,,2017-03,2.26,0.03,2.29,,2017-03,,2017-03,AOR,Restated
2016-12,2.471B,2.699B,1.883B,816.64M,285.10M,285.10M,0.00,-43.41M,1.821M,103.93M,-103.93M,,418.01M,398.63M,103.93M,-103.93M,-35.03M,-103.93M,259.67M,83.17M,176.50M,11.77M,-30.54M,157.73M,175.46M,363.60M,,2016-12,0.74,0.07,0.81,,2016-12,0.73,0.07,0.80,,2016-12,,2016-12,AOR,Restated
2016-09,3.516B,3.731B,2.698B,1.033B,406.89M,406.89M,,374.37M,3.773M,104.58M,-104.58M,,592.40M,440.54M,104.58M,-104.58M,380.49M,-104.58M,716.45M,104.30M,612.15M,,-40.82M,571.33M,251.46M,821.03M,,2016-09,2.80,,2.80,,2016-09,2.76,,2.76,,2016-09,,2016-09,AOR,Restated
2016-06,3.483B,3.718B,2.671B,1.047B,386.90M,386.90M,,-146.21M,3.566M,102.89M,-102.89M,,570.84M,475.78M,102.89M,-102.89M,-143.50M,-102.89M,229.39M,134.89M,94.50M,,-41.12M,53.38M,141.11M,332.28M,,2016-06,0.26,,0.26,,2016-06,0.26,,0.26,,2016-06,,2016-06,AOR,Restated
2016-03,3.369B,3.581B,2.582B,998.80M,386.43M,386.43M,,-77.00M,2.517M,102.88M,-102.88M,,558.30M,440.50M,102.88M,-102.88M,-72.64M,-102.88M,264.98M,126.82M,138.16M,,-40.72M,97.43M,143.63M,367.86M,,2016-03,0.48,,0.48,,2016-03,0.47,,0.47,,2016-03,,2016-03,AOR,Restated
2015-12,-537.53M,-266.00M,-453.64M,187.64M,-12.13M,-12.13M,,-0.001M,2.743M,103.26M,-103.26M,,-20.17M,207.81M,103.26M,-103.26M,7.005M,-103.26M,111.56M,23.62M,87.94M,,-40.47M,-6.00M,47.47M,214.82M,,2015-12,-0.03,,-0.03,,2015-12,-0.03,,-0.03,,2015-12,,2015-12,AOR,Restated
2015-09,3.341B,3.526B,2.501B,1.025B,353.49M,353.49M,,0.00,2.511M,103.48M,-103.48M,,518.06M,506.58M,103.48M,-103.48M,5.267M,-103.48M,408.37M,147.06M,261.31M,,-45.44M,215.87M,215.87M,511.85M,,2015-09,1.02,,1.02,,2015-09,1.00,,1.00,,2015-09,,2015-09,AOR,Restated
2015-06,3.230B,3.435B,2.446B,988.54M,347.96M,347.96M,,-4.065M,2.159M,104.25M,-152.32M,,508.96M,479.58M,104.25M,-152.32M,3.279M,-152.32M,330.54M,122.76M,207.78M,,-37.30M,170.48M,173.03M,434.79M,,2015-06,0.80,,0.80,,2015-06,0.78,,0.78,,2015-06,,2015-06,AOR,Restated
2015-03,3.122B,3.288B,2.363B,925.35M,341.80M,341.80M,,-495.00M,1.827M,97.39M,-97.39M,,497.42M,427.94M,97.39M,-97.39M,-492.62M,-97.39M,-162.08M,-85.93M,-76.15M,,-34.47M,-110.62M,186.38M,-64.69M,,2015-03,-0.52,,-0.52,,2015-03,-0.52,,-0.52,,2015-03,,2015-03,AOR,Restated
2014-12,3.150B,3.328B,2.366B,961.56M,355.99M,355.99M,,,4.773M,97.95M,-97.95M,0.00,514.01M,447.54M,97.95M,-97.95M,4.771M,-97.95M,354.36M,103.98M,250.39M,,-42.37M,208.02M,208.02M,452.31M,,2014-12,0.98,0.00,0.98,,2014-12,0.96,0.00,0.96,,2014-12,,2014-12,AOR,Restated
2014-09,3.091B,3.252B,2.327B,925.29M,322.82M,322.82M,,,3.961M,99.88M,-99.88M,17.00M,492.98M,432.31M,99.88M,-99.88M,3.979M,-99.88M,336.41M,116.63M,219.78M,,-35.66M,184.12M,184.12M,436.29M,,2014-09,0.87,,0.87,,2014-09,0.85,,0.85,,2014-09,,2014-09,AOR,Restated
2014-06,2.987B,3.172B,2.247B,925.95M,298.64M,298.64M,,0.00,3.208M,106.13M,-203.68M,,447.75M,478.20M,106.13M,-203.68M,7.788M,-203.68M,282.31M,100.89M,181.42M,,-33.74M,147.68M,147.68M,388.44M,,2014-06,0.70,,0.70,,2014-06,0.68,,0.68,,2014-06,,2014-06,AOR,Restated
2014-03,2.902B,3.043B,2.180B,863.00M,284.06M,284.06M,,,2.511M,106.34M,-106.34M,,429.15M,433.85M,106.34M,-106.34M,9.07M,-106.34M,336.59M,124.85M,211.74M,,-28.45M,183.29M,183.29M,442.92M,,2014-03,0.87,,0.87,,2014-03,0.85,,0.85,,2014-03,,2014-03,AOR,Restated
2013-12,2.919B,3.063B,2.128B,935.38M,318.83M,318.83M,,0.00,1.216M,107.61M,-107.61M,0.00,459.52M,475.86M,107.61M,-107.61M,11.77M,-107.61M,380.02M,135.75M,244.27M,0.00,-32.00M,212.28M,212.28M,487.63M,,2013-12,1.01,0.00,1.01,,2013-12,0.99,0.00,0.99,,2013-12,,2013-12,AOR,Restated
2013-09,2.874B,3.000B,2.095B,904.25M,305.14M,305.14M,,0.00,1.498M,108.42M,-108.42M,97.00M,536.40M,367.85M,108.42M,-108.42M,11.34M,-108.42M,270.77M,100.93M,169.84M,0.00,-33.21M,136.63M,136.63M,379.19M,,2013-09,0.65,0.00,0.65,,2013-09,0.64,0.00,0.64,,2013-09,,2013-09,AOR,Restated
2013-06,2.759B,2.872B,2.014B,857.35M,268.11M,268.11M,,56.98M,1.26M,108.10M,-108.10M,,399.96M,457.39M,108.10M,-108.10M,63.25M,-108.10M,412.55M,129.19M,283.36M,0.00,-28.98M,254.38M,215.24M,520.65M,,2013-06,1.21,0.00,1.21,,2013-06,1.18,0.00,1.18,,2013-06,,2013-06,AOR,Restated
2013-03,2.742B,2.830B,1.961B,868.69M,284.41M,284.41M,,,0.878M,105.82M,-105.82M,300.00M,711.20M,157.49M,105.82M,-105.82M,9.965M,-105.82M,61.64M,15.14M,46.50M,13.24M,-29.57M,30.16M,16.93M,167.46M,,2013-03,0.08,0.06,0.14,,2013-03,0.08,0.06,0.14,,2013-03,,2013-03,AOR,Restated
2012-12,2.366B,2.478B,1.707B,770.39M,273.77M,273.77M,,0.00,0.805M,95.97M,-106.93M,6.545M,390.40M,379.99M,95.97M,-106.93M,9.102M,-106.93M,282.16M,97.90M,184.26M,-0.46M,-27.96M,155.84M,156.30M,378.13M,,2012-12,0.775,-0.005,0.77,,2012-12,0.755,-0.005,0.755,,2012-12,,2012-12,AOR,Restated
2012-09,1.859B,1.946B,1.327B,618.52M,197.91M,197.91M,,0.00,1.39M,70.49M,-70.49M,1.292M,280.69M,337.82M,70.49M,-70.49M,3.883M,-70.49M,271.21M,98.65M,172.56M,-0.013M,-27.83M,144.72M,144.73M,341.70M,,2012-09,0.76,0.00,0.76,,2012-09,0.75,0.00,0.75,,2012-09,,2012-09,AOR,Restated
2012-06,1.814B,1.913B,1.299B,613.68M,212.79M,212.79M,,0.00,1.038M,60.71M,-60.71M,78.00M,369.04M,244.64M,60.71M,-60.71M,3.458M,-60.71M,187.39M,67.74M,119.65M,0.352M,-24.67M,95.34M,94.98M,248.10M,,2012-06,0.505,0.00,0.505,,2012-06,0.495,0.00,0.495,,2012-06,,2012-06,AOR,Restated
2012-03,1.765B,1.850B,1.249B,600.14M,205.40M,205.40M,,,1.106M,61.38M,-61.38M,,281.89M,318.25M,61.38M,-61.38M,3.671M,-61.38M,260.54M,95.56M,164.98M,-0.101M,-24.76M,140.12M,140.22M,321.92M,,2012-03,0.75,-0.005,0.745,,2012-03,0.73,-0.005,0.73,,2012-03,,2012-03,AOR,Restated
2011-12,1.534B,1.750B,1.167B,583.67M,186.68M,186.68M,,21.80M,-1.418M,61.75M,-61.75M,,262.40M,321.27M,61.75M,-61.75M,33.56M,-61.75M,293.08M,101.26M,191.82M,-15.69M,-28.01M,148.12M,149.54M,354.83M,,2011-12,0.87,-0.075,0.795,,2011-12,0.855,-0.075,0.78,,2011-12,,2011-12,AOR,Restated
2011-09,1.758B,1.758B,1.190B,568.19M,182.64M,182.64M,,0.798M,1.903M,60.85M,-60.85M,-2.619M,249.48M,318.71M,60.85M,-60.85M,0.798M,-60.85M,258.66M,94.20M,164.46M,-2.612M,-26.48M,135.36M,137.47M,319.51M,,2011-09,0.74,-0.015,0.725,,2011-09,0.725,-0.015,0.71,,2011-09,,2011-09,AOR,Restated
2011-06,1.661B,1.661B,1.163B,498.10M,163.79M,163.79M,,-23.44M,1.852M,59.90M,-59.90M,-2.417M,227.47M,270.62M,59.90M,-59.90M,-23.44M,-59.90M,187.28M,66.87M,120.41M,0.253M,-20.65M,100.02M,114.84M,247.18M,,2011-06,0.525,0.00,0.525,,2011-06,0.51,0.00,0.515,,2011-06,,2011-06,AOR,Restated
2011-03,1.562B,1.562B,1.114B,448.23M,,151.60M,,2.36M,0.972M,58.60M,-58.60M,,214.41M,233.82M,58.60M,-58.60M,2.36M,-58.60M,177.58M,62.96M,114.62M,0.131M,-20.25M,94.50M,92.85M,236.18M,,2011-03,0.49,0.00,0.49,,2011-03,0.48,0.00,0.48,,2011-03,,2011-03,AOR,Restated
2010-12,1.258B,1.428B,1.094B,334.72M,,150.40M,,,-123.88M,53.88M,-128.26M,,91.21M,243.51M,53.88M,-128.26M,14.22M,-128.26M,129.46M,38.68M,90.78M,1.667M,-23.42M,69.02M,67.35M,183.34M,,2010-12,0.355,0.01,0.365,,2010-12,0.35,0.01,0.36,,2010-12,,2010-12,AOR,Restated
2010-09,1.650B,1.650B,1.144B,505.08M,,148.04M,,0.759M,43.76M,39.49M,-39.49M,-1.789M,248.34M,256.74M,39.49M,-39.49M,0.759M,-39.49M,218.01M,75.04M,142.98M,-0.095M,-23.49M,119.39M,118.98M,257.50M,,2010-09,0.58,0.00,0.58,,2010-09,0.575,0.00,0.575,,2010-09,,2010-09,AOR,
2010-06,1.587B,1.587B,1.111B,476.36M,,136.10M,,-3.388M,42.37M,43.66M,-43.66M,-2.834M,233.99M,242.36M,43.66M,-43.66M,-3.388M,-43.66M,195.32M,71.43M,123.89M,,-16.04M,107.85M,110.00M,238.98M,,2010-06,0.525,0.00,0.525,,2010-06,0.52,0.00,0.52,,2010-06,,2010-06,AOR,Restated
2010-03,1.559B,1.559B,1.083B,476.63M,,137.28M,,0.831M,41.56M,44.58M,-44.58M,-2.345M,233.96M,242.67M,44.58M,-44.58M,0.831M,-44.58M,198.91M,73.91M,125.00M,,-15.58M,109.42M,108.90M,243.50M,,2010-03,0.525,0.00,0.525,,2010-03,0.52,0.00,0.52,,2010-03,,2010-03,AOR,Restated
2009-12,1.568B,1.568B,1.095B,473.16M,,137.16M,,0.682M,41.80M,44.83M,-44.83M,-1.376M,234.45M,238.71M,44.83M,-44.83M,0.682M,-44.83M,194.56M,68.98M,125.58M,,-15.86M,109.72M,109.28M,239.39M,,2009-12,0.535,0.00,0.535,,2009-12,0.53,0.00,0.53,,2009-12,,2009-12,AOR,Restated
2009-09,1.574B,1.574B,1.096B,478.06M,,134.93M,,0.999M,42.02M,45.54M,-45.54M,-0.708M,233.06M,245.00M,45.54M,-45.54M,0.999M,-45.54M,200.46M,74.20M,126.27M,,-15.34M,110.93M,110.30M,246.00M,,2009-09,0.535,0.00,0.535,,2009-09,0.53,0.00,0.53,,2009-09,,2009-09,AOR,Restated
2009-06,1.519B,1.519B,1.052B,467.16M,,132.17M,,1.273M,41.23M,47.09M,-47.09M,-0.376M,231.21M,235.95M,47.09M,-47.09M,1.273M,-47.09M,190.14M,70.51M,119.63M,,-13.81M,105.82M,105.02M,237.23M,,2009-06,0.51,0.00,0.51,,2009-06,0.51,0.00,0.51,,2009-06,,2009-06,AOR,Restated
2009-03,1.448B,1.448B,1.006B,441.75M,,127.27M,,0.754M,36.74M,48.30M,-48.30M,0.018M,221.15M,220.60M,48.30M,-48.30M,0.754M,-48.30M,173.06M,64.78M,108.27M,,-12.06M,96.21M,95.74M,221.36M,,2009-03,0.465,0.00,0.465,,2009-03,0.46,0.00,0.46,,2009-03,,2009-03,AOR,Restated
2008-12,1.461B,1.461B,1.011B,449.67M,,24.23M,,2.08M,,,,-35.96M,190.74M,258.93M,,,2.08M,,205.19M,59.66M,145.52M,,-11.99M,98.36M,96.89M,271.34M,,2008-12,0.475,0.00,0.475,,2008-12,0.47,0.00,0.47,,2008-12,,2008-12,,Restated
2008-09,1.447B,1.447B,1.006B,441.49M,,165.92M,,2.481M,,,,12.71M,233.60M,207.88M,,,2.481M,,155.86M,61.95M,93.91M,,-12.71M,93.91M,92.42M,207.88M,,2008-09,0.45,0.00,0.45,,2008-09,0.445,0.00,0.445,,2008-09,,2008-09,,
2008-06,1.407B,1.407B,973.29M,434.02M,,125.20M,,2.987M,37.50M,55.32M,-55.32M,-0.004M,215.58M,218.43M,55.32M,-55.32M,2.987M,-55.32M,166.10M,58.27M,107.83M,,-12.88M,94.95M,93.01M,221.42M,,2008-06,0.455,0.00,0.455,,2008-06,0.45,0.00,0.45,,2008-06,,2008-06,,Restated
2008-03,1.345B,1.345B,930.21M,414.52M,,120.76M,,4.863M,34.63M,59.07M,-59.07M,0.527M,208.73M,205.78M,59.07M,-59.07M,4.863M,-59.07M,151.58M,55.57M,96.01M,,-9.074M,86.93M,83.85M,210.64M,,2008-03,0.405,0.00,0.405,,2008-03,0.40,0.00,0.40,,2008-03,,2008-03,,Restated
2007-12,1.355B,1.355B,927.50M,427.37M,,169.98M,,-251.82M,,,,10.73M,232.10M,195.26M,,,-251.82M,,137.94M,52.22M,85.72M,,-10.73M,85.72M,242.20M,195.26M,,2007-12,0.405,0.00,0.405,,2007-12,0.395,0.00,0.395,,2007-12,,2007-12,,
2007-09,1.318B,1.318B,890.24M,428.14M,,154.70M,,6.278M,,,,11.79M,215.73M,212.41M,,,6.278M,,155.98M,61.52M,94.46M,,-11.79M,94.46M,90.65M,212.41M,,2007-09,0.445,0.00,0.445,,2007-09,0.44,0.00,0.44,,2007-09,,2007-09,,
2007-06,1.313B,1.313B,891.01M,421.72M,,156.38M,,62.93M,,,,-42.93M,160.50M,261.22M,,,62.93M,,205.96M,80.94M,125.02M,,-12.35M,125.02M,86.82M,261.22M,,2007-06,0.595,0.00,0.595,,2007-06,0.585,0.00,0.585,,2007-06,,2007-06,,
2007-03,1.278B,1.278B,881.58M,396.58M,,146.86M,,3.195M,,,,10.62M,203.26M,193.32M,,,3.195M,,127.64M,51.06M,76.58M,,-10.62M,76.58M,74.66M,193.32M,,2007-03,0.365,0.00,0.365,,2007-03,0.36,0.00,0.36,,2007-03,,2007-03,,
2006-12,1.273B,1.273B,872.56M,400.06M,,157.36M,,-273.79M,,,,8.976M,211.55M,188.51M,,,-273.79M,,121.52M,47.39M,74.13M,0.00,-8.976M,74.13M,241.15M,188.51M,,2006-12,0.355,0.00,0.355,,2006-12,0.345,0.00,0.35,,2006-12,,2006-12,,
2006-09,1.237B,1.237B,857.05M,379.99M,,145.43M,,41.24M,,,,-27.01M,162.90M,217.09M,,,41.24M,,152.46M,59.37M,93.09M,1.765M,-10.96M,94.86M,67.91M,217.09M,,2006-09,0.45,0.005,0.455,,2006-09,0.44,0.005,0.45,,2006-09,,2006-09,,
2006-06,1.208B,1.208B,842.97M,364.84M,,142.67M,,2.973M,,,,8.70M,193.09M,171.75M,,,2.973M,,106.29M,41.96M,64.33M,-1.092M,-8.70M,63.24M,62.53M,171.75M,,2006-06,0.31,-0.005,0.305,,2006-06,0.305,-0.005,0.30,,2006-06,,2006-06,,
2006-03,1.163B,1.163B,817.77M,345.42M,,134.25M,,3.874M,,,,7.201M,183.34M,162.08M,,,3.874M,,95.49M,37.71M,57.78M,-0.311M,-7.201M,57.47M,55.44M,162.08M,,2006-03,0.28,0.00,0.28,,2006-03,0.275,0.00,0.275,,2006-03,,2006-03,,
2005-12,1.133B,1.133B,799.29M,334.02M,,126.69M,,-4.972M,,,,5.905M,175.24M,158.78M,,,-4.972M,,87.80M,31.38M,56.41M,7.738M,-5.905M,64.15M,59.61M,158.78M,,2005-12,0.28,0.035,0.315,,2005-12,0.27,0.035,0.31,,2005-12,,2005-12,,
2005-09,644.89M,644.89M,435.21M,209.68M,,72.28M,,0.341M,,,,6.69M,104.38M,105.30M,,,0.341M,,81.36M,30.44M,50.91M,4.303M,-6.69M,55.22M,50.70M,105.30M,,2005-09,0.25,0.025,0.275,,2005-09,0.245,0.02,0.265,,2005-09,,2005-09,,
2005-06,617.08M,617.08M,413.22M,203.86M,,70.82M,,-0.066M,,,,5.676M,101.43M,102.43M,,,-0.066M,,77.48M,29.35M,48.13M,4.816M,-5.676M,52.94M,48.17M,102.43M,,2005-06,0.24,0.025,0.265,,2005-06,0.23,0.025,0.255,,2005-06,,2005-06,,
2005-03,578.63M,578.63M,387.52M,191.11M,,64.59M,,3.137M,,,,3.818M,92.25M,98.86M,,,3.137M,,84.47M,32.50M,51.97M,4.364M,-3.818M,56.33M,50.04M,98.86M,,2005-03,0.26,0.025,0.285,,2005-03,0.25,0.025,0.275,,2005-03,,2005-03,,
2004-12,494.74M,494.74M,334.70M,160.04M,,61.97M,,1.005M,,,,2.435M,83.87M,76.17M,,,1.005M,,61.40M,22.55M,38.86M,,-2.435M,56.60M,38.22M,76.17M,,2004-12,0.20,0.09,0.29,,2004-12,0.19,0.085,0.275,,2004-12,,2004-12,,
2004-09,595.53M,595.53M,396.91M,198.62M,,61.12M,,1.01M,,,,3.593M,86.97M,111.65M,,,1.01M,,98.92M,38.54M,60.39M,,-3.593M,60.39M,59.77M,111.65M,,2004-09,0.305,0.00,0.305,,2004-09,0.295,0.00,0.295,,2004-09,,2004-09,,
2004-06,551.63M,551.63M,375.14M,176.49M,,55.59M,,0.667M,,,,3.503M,80.02M,96.47M,,,0.667M,,85.88M,33.48M,52.40M,,-3.503M,52.40M,51.99M,96.47M,,2004-06,0.265,0.00,0.265,,2004-06,0.25,0.00,0.25,,2004-06,,2004-06,,
2004-03,535.43M,535.43M,363.43M,172.00M,,52.18M,,1.443M,,,,2.718M,75.17M,96.83M,,,1.443M,,86.64M,33.78M,52.86M,,-2.718M,52.86M,51.98M,96.83M,,2004-03,0.27,0.00,0.27,,2004-03,0.255,0.00,0.255,,2004-03,,2004-03,,
2003-12,456.31M,456.31M,287.06M,169.24M,,48.07M,,-8.944M,,,,1.847M,66.66M,102.59M,,,-8.944M,,81.88M,30.40M,51.48M,,-1.847M,62.80M,57.11M,102.59M,,2003-12,0.2667,0.0600,0.2667,,2003-12,0.2433,0.0497,0.2433,,2003-12,,2003-12,,
2003-09,513.28M,513.28M,347.90M,165.39M,,49.13M,,-16.19M,,,,1.706M,70.18M,95.21M,,,-16.19M,,62.91M,24.85M,38.06M,,-1.706M,38.06M,47.85M,95.21M,,2003-09,0.1933,0.00,0.1933,,2003-09,0.18,0.00,0.18,,2003-09,,2003-09,,
2003-06,489.88M,489.88M,335.99M,153.90M,,51.36M,,0.89M,,,,1.813M,71.10M,82.80M,,,0.89M,,64.20M,25.68M,38.52M,,-1.813M,38.52M,37.99M,82.80M,,2003-06,0.21,0.00,0.21,,2003-06,0.1833,0.00,0.1833,,2003-06,,2003-06,,
2003-03,459.81M,459.81M,316.71M,143.10M,,45.02M,,0.785M,,,,1.294M,63.76M,79.33M,,,0.785M,,60.66M,24.25M,36.41M,,-1.294M,36.41M,35.94M,79.33M,,2003-03,0.20,0.00,0.20,,2003-03,0.1733,0.00,0.1733,,2003-03,,2003-03,,
2002-12,503.10M,503.10M,317.06M,186.04M,,46.57M,,-52.30M,,,,9.896M,73.36M,112.67M,,,-52.30M,,50.48M,21.03M,29.45M,,-0.335M,58.81M,60.83M,112.67M,,2002-12,0.2467,,0.2467,,2002-12,0.21,,0.21,,2002-12,,2002-12,,
2002-09,481.19M,481.19M,308.44M,172.76M,,45.16M,,1.124M,,,,,61.43M,111.32M,,,1.124M,,90.57M,36.40M,54.17M,,-1.911M,54.17M,53.50M,111.32M,,2002-09,0.28,0.00,0.28,,2002-09,0.24,0.00,0.24,,2002-09,,2002-09,,
2002-06,442.68M,442.68M,300.55M,142.12M,,47.91M,,5.673M,,,,-2.39M,61.21M,80.91M,,,5.673M,,64.23M,26.50M,37.73M,,-2.827M,8.37M,34.32M,80.91M,,2002-06,0.0333,0.00,0.0333,,2002-06,0.0333,0.00,0.0333,,2002-06,,2002-06,,
2002-03,427.66M,427.66M,291.63M,136.03M,,36.05M,,-4.69M,,,,-705.01M,-653.16M,789.19M,,,-4.69M,,61.98M,26.00M,35.98M,,-2.433M,35.98M,38.79M,789.19M,,2002-03,0.1433,0.00,0.1433,,2002-03,0.1333,0.00,0.1333,,2002-03,,2002-03,,
2001-12,429.66M,429.66M,290.88M,138.78M,,37.39M,,-0.177M,,,,,70.68M,68.09M,,,-0.177M,,59.09M,25.55M,33.54M,,-0.282M,32.56M,33.64M,68.09M,,2001-12,0.0933,,0.09,,2001-12,0.0917,,0.0883,,2001-12,,2001-12,,
2001-09,434.24M,434.24M,277.25M,156.99M,,33.84M,,1.856M,,,,,60.12M,96.87M,,,1.856M,,78.28M,34.00M,44.28M,,-2.126M,44.28M,43.16M,96.87M,,2001-09,0.1733,0.00,0.1733,,2001-09,0.1567,0.00,0.1567,,2001-09,,2001-09,,
2001-06,400.64M,400.64M,271.54M,129.10M,,32.04M,,1.12M,,,,,58.66M,70.43M,,,1.12M,,50.57M,22.00M,28.57M,,-2.269M,29.54M,27.90M,70.43M,,2001-06,0.1133,0.0033,0.1167,,2001-06,0.1067,0.0033,0.11,,2001-06,,2001-06,,
2001-03,386.22M,386.22M,260.97M,125.24M,,31.81M,,9.533M,,,,-8.185M,49.78M,75.47M,,,9.533M,,54.63M,23.70M,30.93M,,-2.457M,30.93M,25.21M,75.47M,,2001-03,0.1234,0.00,0.1234,,2001-03,0.1167,0.00,0.1167,,2001-03,,2001-03,,
2000-12,372.75M,372.75M,256.41M,116.34M,,37.26M,,1.828M,,,,,64.55M,51.79M,,,1.828M,,28.22M,12.89M,15.33M,,-2.774M,15.33M,14.24M,51.79M,,2000-12,0.05,0.0133,0.0633,,2000-12,0.0467,0.0133,0.06,,2000-12,,2000-12,,
2000-09,362.54M,362.54M,248.73M,113.80M,,36.97M,,1.418M,,,,,63.90M,49.91M,,,1.418M,,23.81M,10.66M,13.15M,,-1.147M,9.66M,12.30M,49.91M,,2000-09,0.0533,-0.0133,0.04,,2000-09,0.0533,-0.0133,0.04,,2000-09,,2000-09,,
2000-06,378.91M,378.91M,267.71M,111.19M,,44.27M,,-16.40M,,,,,73.94M,37.26M,,,-16.40M,,-14.65M,0.709M,-15.36M,,-1.023M,-15.36M,-5.516M,37.26M,,2000-06,-0.0634,0.00,-0.0634,,2000-06,-0.0634,0.00,-0.0634,,2000-06,,2000-06,,
2000-03,372.11M,372.11M,259.30M,112.82M,,44.78M,,1.395M,,,,,72.50M,40.32M,,,1.395M,,7.549M,3.702M,3.847M,,-0.998M,3.847M,3.01M,40.32M,,2000-03,0.0167,0.00,0.0167,,2000-03,0.0167,0.00,0.0167,,2000-03,,2000-03,,
1999-12,373.15M,373.15M,258.74M,114.41M,,114.61M,,-121.60M,,,,,142.89M,-28.48M,,,-121.60M,,-188.23M,-40.17M,-148.06M,,1.248M,-148.06M,-52.41M,-28.48M,,1999-12,-0.6067,0.00,-0.6067,,1999-12,-0.6067,0.00,-0.6067,,1999-12,,1999-12,,
1999-09,367.20M,367.20M,250.80M,116.40M,,49.70M,,-3.30M,,,,,79.50M,36.90M,,,-3.30M,,4.20M,2.30M,1.90M,,-1.60M,1.90M,3.88M,36.90M,,1999-09,0.0067,0.00,0.0067,,1999-09,0.0067,0.00,0.0067,,1999-09,,1999-09,,
1999-06,352.80M,352.80M,248.50M,104.30M,,66.20M,,-16.60M,,,,,93.60M,10.70M,,,-16.60M,,-30.70M,-9.70M,-21.00M,,-2.50M,-21.00M,-9.645M,10.70M,,1999-06,-0.0867,0.00,-0.0867,,1999-06,-0.0867,0.00,-0.0867,,1999-06,,1999-06,,
1999-03,352.20M,352.20M,222.10M,130.10M,,33.20M,,1.30M,,,,,60.20M,69.90M,,,1.30M,,46.20M,18.30M,27.90M,,-2.30M,27.90M,27.11M,69.90M,,1999-03,0.1134,0.00,0.1134,,1999-03,0.1134,0.00,0.1134,,1999-03,,1999-03,,
1998-12,338.00M,338.00M,230.20M,107.80M,,46.50M,,15.90M,,,,,74.40M,33.40M,,,15.90M,,23.80M,9.50M,14.30M,,-2.40M,14.30M,4.747M,33.40M,,1998-12,-0.0233,0.0834,0.0600,,1998-12,-0.0233,0.0834,0.0600,,1998-12,,1998-12,,
1998-09,318.60M,318.60M,200.90M,117.70M,,26.20M,,1.00M,,,,,48.60M,69.10M,,,1.00M,,48.30M,19.20M,29.10M,,-1.90M,29.10M,28.50M,69.10M,,1998-09,0.1201,0.00,0.1201,,1998-09,0.1167,0.00,0.1167,,1998-09,,1998-09,,
1998-06,288.40M,288.40M,183.30M,105.10M,,25.40M,,,,,,,48.20M,56.90M,,,,,29.90M,12.10M,17.80M,,-1.60M,7.90M,17.80M,56.90M,,1998-06,0.0734,-0.0400,0.0334,,1998-06,0.0734,-0.0400,0.0334,,1998-06,,1998-06,,
