,OperatingRevenue,Revenue,CostofGoodsSold,GrossProfit,SG&AExpense,SpecialIncomeandCharges,OperatingInterestExpense,OperatingInterestIncome,NetOperatingInterestIncome,OtherOperatingExpenses,TotalOperatingExpenses,OperatingIncome,Non-OperatingInterestIncome,Non-OperatingInterestExpense,NetNon-OperatingInterestIncomeExpense,OtherIncomeandExpenses,NetInterestIncome,Pre-TaxIncome,ProvisionforIncomeTaxes,IncomefromContinuingOperations,IncomefromDiscontinuedOperations,IncomeAttributabletoMinorityInterest,NetIncome,NormalizedIncome,EBITDA,,BasicEPS(Quarterly),EPSBasicfromContinuingOperations,EPSBasicfromDiscontinuedOperations,NormalizedBasicEPS,DilutedEPS(Quarterly),EPSDilutedfromContinuingOperations,EPSDilutedfromDiscontinuedOperations,NormalizedDilutedEPS,EPSDiluted,AverageBasicSharesOutstanding,AverageDilutedSharesOutstanding,,Restated
2020-09,3.786B,3.786B,1.868B,1.918B,1.412B,36.00M,174.00M,,-174.00M,,1.412B,506.00M,,174.00M,-174.00M,49.00M,-174.00M,381.00M,124.00M,276.00M,,-12.00M,264.00M,239.70M,1.342B,,2020-09,0.39,,0.3537,2020-09,0.39,,0.3543,0.39,669.80M,680.30M,,
2020-06,3.465B,3.465B,1.92B,1.545B,1.377B,-3.00M,174.00M,,-174.00M,,1.377B,168.00M,,174.00M,-174.00M,-2.00M,-174.00M,-8.00M,-27.00M,9.00M,,-7.00M,2.00M,4.19M,983.00M,,2020-06,0.0030,,0.0063,2020-06,0.0029,,0.0062,0.0029,670.00M,680.80M,,
2020-03,3.769B,3.769B,2.167B,1.602B,1.404B,431.00M,187.00M,,-187.00M,,1.404B,198.00M,,187.00M,-187.00M,451.00M,-187.00M,462.00M,79.00M,377.00M,,15.00M,392.00M,34.70M,1.481B,,2020-03,0.58,,0.0531,2020-03,0.57,,0.0531,0.57,678.10M,691.20M,,
2019-12,4.045B,4.045B,2.109B,1.936B,1.463B,5.00M,194.00M,,-194.00M,,1.463B,473.00M,,194.00M,-194.00M,-1.00M,-194.00M,278.00M,54.00M,241.00M,,6.00M,247.00M,242.97M,1.261B,,2019-12,0.3633,,0.3574,2019-12,0.36,,0.3542,0.36,680.30M,694.80M,,
2019-09,3.128B,3.128B,1.617B,1.511B,1.137B,0.00,164.00M,,-115.00M,,1.137B,374.00M,,164.00M,-115.00M,-3.00M,-115.00M,256.00M,53.00M,225.00M,,-27.00M,198.00M,198.00M,991.00M,,2019-09,0.34,,0.34,2019-09,0.33,,0.33,0.33,584.80M,596.90M,,Restated
2019-06,1.512B,1.512B,785.00M,727.00M,343.00M,0.00,58.00M,,-95.00M,,343.00M,384.00M,,58.00M,-95.00M,2.00M,-95.00M,291.00M,60.00M,223.00M,,0.00,223.00M,223.00M,495.00M,,2019-06,0.57,,0.57,2019-06,0.56,,0.56,0.56,392.50M,399.60M,,Restated
2019-03,1.502B,1.502B,798.00M,704.00M,341.00M,10.00M,57.00M,,-116.00M,,341.00M,363.00M,,57.00M,-116.00M,11.00M,-116.00M,258.00M,31.00M,225.00M,,0.00,225.00M,216.19M,460.00M,,2019-03,0.58,,0.5575,2019-03,0.56,,0.5379,0.56,391.70M,399.10M,,Restated
2018-12,1.551B,1.551B,822.00M,729.00M,298.00M,0.00,55.00M,,-61.00M,,298.00M,431.00M,,55.00M,-61.00M,2.00M,-61.00M,372.00M,88.00M,286.00M,,0.00,286.00M,286.00M,574.00M,,2018-12,0.7287,0.00,0.7287,2018-12,0.71,0.00,0.71,0.71,396.80M,405.00M,,Restated
2018-09,1.412B,1.412B,749.00M,663.00M,305.00M,-2.00M,45.00M,,-53.00M,,305.00M,358.00M,,45.00M,-53.00M,-1.00M,-53.00M,304.00M,78.00M,227.00M,,0.00,227.00M,228.49M,483.00M,,2018-09,0.56,,0.5637,2018-09,0.55,,0.5536,0.55,403.80M,412.00M,,Restated
2018-06,1.42B,1.42B,739.00M,681.00M,320.00M,-3.00M,45.00M,,-45.00M,,320.00M,361.00M,,45.00M,-45.00M,-3.00M,-45.00M,316.00M,72.00M,251.00M,,,251.00M,253.31M,492.00M,,2018-06,0.61,,0.6157,2018-06,0.60,,0.6055,0.60,408.40M,416.40M,,Restated
2018-03,1.44B,1.44B,759.00M,681.00M,305.00M,232.00M,45.00M,,-45.00M,,305.00M,376.00M,,45.00M,-45.00M,232.00M,-45.00M,563.00M,140.00M,423.00M,,,423.00M,248.77M,741.00M,,2018-03,1.02,,0.5982,2018-03,1.00,,0.5867,1.00,413.10M,421.60M,,Restated
2017-12,1.516B,1.516B,778.00M,738.00M,313.00M,0.00,44.00M,,-44.00M,,313.00M,425.00M,,44.00M,-44.00M,-1.00M,-44.00M,380.00M,-151.00M,532.00M,,,546.00M,532.00M,523.00M,,2017-12,1.281,0.0337,1.281,2017-12,1.25,0.0337,1.25,1.285,416.30M,425.00M,,Restated
2017-09,1.40B,1.40B,746.00M,654.00M,284.00M,0.00,45.00M,,-45.00M,,284.00M,370.00M,,45.00M,-45.00M,0.00,-45.00M,325.00M,98.00M,232.00M,,,232.00M,232.00M,481.00M,,2017-09,0.55,,0.55,2017-09,0.54,,0.54,0.54,420.20M,429.10M,,Restated
2017-06,1.386B,1.386B,748.00M,638.00M,276.00M,10.00M,44.00M,,-44.00M,,276.00M,362.00M,,44.00M,-44.00M,12.00M,-44.00M,330.00M,109.00M,221.00M,,,221.00M,214.28M,485.00M,,2017-06,0.52,,0.5041,2017-06,0.51,,0.4945,0.51,423.60M,432.50M,,Restated
2017-03,1.394B,1.394B,752.00M,642.00M,277.00M,0.00,42.00M,,-42.00M,,277.00M,365.00M,,42.00M,-42.00M,0.00,-42.00M,323.00M,102.00M,247.00M,,,247.00M,247.00M,473.00M,,2017-03,0.58,,0.58,2017-03,0.56,,0.56,0.56,429.10M,438.50M,,Restated
2016-12,1.431B,1.431B,761.00M,670.00M,295.00M,0.00,35.00M,,-35.00M,,295.00M,375.00M,,35.00M,-35.00M,0.00,-35.00M,333.00M,119.00M,215.00M,,,215.00M,215.00M,483.00M,,2016-12,0.4988,,0.4988,2016-12,0.49,,0.49,0.49,432.80M,440.00M,,Restated
2016-09,1.38B,1.38B,737.00M,643.00M,274.00M,0.00,41.00M,0.00,-41.00M,,274.00M,369.00M,0.00,41.00M,-41.00M,0.00,-41.00M,328.00M,114.00M,214.00M,,,214.00M,214.00M,473.00M,,2016-09,0.49,,0.49,2016-09,0.48,,0.48,0.48,438.40M,445.40M,,Restated
2016-06,1.363B,1.363B,727.00M,636.00M,274.00M,0.00,40.00M,0.00,-40.00M,,274.00M,362.00M,0.00,40.00M,-40.00M,0.00,-40.00M,322.00M,110.00M,212.00M,,,212.00M,212.00M,464.00M,,2016-06,0.475,,0.475,2016-06,0.47,,0.47,0.47,444.00M,451.20M,,Restated
2016-03,1.331B,1.331B,734.00M,597.00M,258.00M,,47.00M,,-47.00M,,258.00M,339.00M,,47.00M,-47.00M,,-47.00M,292.00M,149.00M,289.00M,,,289.00M,289.00M,439.00M,,2016-03,0.65,,0.65,2016-03,0.635,,0.635,0.635,447.00M,454.60M,,Restated
2015-12,1.368B,1.368B,763.00M,605.00M,276.00M,0.00,39.00M,0.00,-39.00M,,276.00M,329.00M,0.00,39.00M,-39.00M,0.00,-39.00M,290.00M,98.00M,189.00M,,,189.00M,189.00M,434.00M,,2015-12,0.4194,0.00,0.4194,2015-12,0.405,0.00,0.405,0.405,455.20M,463.40M,,Restated
2015-09,1.313B,1.313B,713.00M,600.00M,258.00M,0.00,41.00M,0.00,-41.00M,,258.00M,342.00M,0.00,41.00M,-41.00M,,-41.00M,301.00M,117.00M,218.00M,,,218.00M,218.00M,448.00M,,2015-09,0.47,,0.47,2015-09,0.46,,0.46,0.46,465.80M,474.00M,,Restated
2015-06,1.298B,1.298B,710.00M,588.00M,262.00M,-85.00M,49.00M,0.00,-49.00M,,262.00M,326.00M,0.00,49.00M,-49.00M,-85.00M,-49.00M,192.00M,66.00M,127.00M,,,127.00M,182.78M,345.00M,,2015-06,0.27,,0.3879,2015-06,0.265,,0.3810,0.265,473.00M,480.80M,,Restated
2015-03,1.275B,1.275B,723.00M,552.00M,238.00M,,41.00M,1.00M,-40.00M,,238.00M,314.00M,1.00M,41.00M,-40.00M,,-40.00M,274.00M,96.00M,178.00M,,,178.00M,178.00M,417.00M,,2015-03,0.375,,0.375,2015-03,0.365,,0.365,0.365,477.60M,486.00M,,Restated
2014-12,1.316B,1.316B,752.00M,564.00M,247.00M,0.00,41.00M,0.00,-41.00M,,247.00M,317.00M,0.00,41.00M,-41.00M,,-41.00M,276.00M,97.00M,181.00M,0.00,,181.00M,181.00M,421.00M,,2014-12,0.3766,0.00,0.3766,2014-12,0.365,0.00,0.365,0.365,485.80M,494.00M,,Restated
2014-09,1.263B,1.263B,705.00M,558.00M,243.00M,0.00,41.00M,0.00,-41.00M,,243.00M,315.00M,0.00,41.00M,-41.00M,,-41.00M,274.00M,120.00M,239.00M,0.00,,239.00M,239.00M,416.00M,,2014-09,0.48,0.00,0.48,2014-09,0.475,0.00,0.475,0.475,495.20M,503.60M,,Restated
2014-06,1.253B,1.253B,703.00M,550.00M,243.00M,0.00,41.00M,1.00M,-40.00M,,243.00M,307.00M,1.00M,41.00M,-40.00M,,-40.00M,267.00M,101.00M,166.00M,0.00,,166.00M,166.00M,407.00M,,2014-06,0.33,0.00,0.33,2014-06,0.325,0.00,0.325,0.325,498.60M,506.80M,,Restated
2014-03,1.234B,1.234B,721.00M,513.00M,242.00M,,41.00M,0.00,-41.00M,,242.00M,271.00M,0.00,41.00M,-41.00M,,-41.00M,230.00M,66.00M,168.00M,0.00,,168.00M,168.00M,371.00M,,2014-03,0.33,0.00,0.33,2014-03,0.325,0.00,0.325,0.325,508.80M,517.20M,,Restated
2013-12,1.263B,1.263B,700.00M,563.00M,266.00M,,40.00M,,-40.00M,,266.00M,297.00M,,40.00M,-40.00M,,-40.00M,257.00M,110.00M,220.00M,1.00M,,221.00M,220.00M,399.00M,,2013-12,0.4285,0.0019,0.4285,2013-12,0.4285,0.00,0.4285,0.4305,515.80M,523.80M,,Restated
2013-09,1.201B,1.201B,684.00M,517.00M,237.00M,,41.00M,0.00,-41.00M,,237.00M,280.00M,0.00,41.00M,-41.00M,,-41.00M,239.00M,79.00M,161.00M,-2.00M,,159.00M,161.00M,381.00M,,2013-09,0.31,-0.005,0.31,2013-09,0.305,-0.005,0.305,0.30,519.80M,527.40M,,Restated
2013-06,1.198B,1.198B,680.00M,518.00M,245.00M,,41.00M,0.00,-41.00M,,245.00M,273.00M,0.00,41.00M,-41.00M,,-41.00M,232.00M,81.00M,152.00M,-1.00M,,151.00M,152.00M,376.00M,,2013-06,0.285,0.00,0.285,2013-06,0.285,-0.005,0.285,0.28,530.20M,537.20M,,Restated
2013-03,1.152B,1.152B,712.00M,440.00M,229.00M,,41.00M,,-41.00M,,229.00M,211.00M,,41.00M,-41.00M,,-41.00M,170.00M,58.00M,117.00M,0.00,,117.00M,117.00M,308.00M,,2013-03,0.22,0.00,0.22,2013-03,0.215,0.00,0.215,0.215,533.60M,540.60M,,Restated
2012-12,1.145B,1.145B,649.00M,496.00M,209.00M,,39.00M,1.00M,-38.00M,,209.00M,287.00M,1.00M,39.00M,-38.00M,,-38.00M,249.00M,93.00M,158.00M,21.00M,,179.00M,158.00M,376.00M,,2012-12,0.2980,0.0375,0.2980,2012-12,0.295,0.035,0.295,0.33,533.60M,540.40M,,Restated
2012-09,1.107B,1.107B,636.00M,471.00M,206.00M,,48.00M,0.00,-48.00M,,206.00M,265.00M,0.00,48.00M,-48.00M,,-48.00M,217.00M,80.00M,140.00M,-1.00M,,139.00M,140.00M,354.00M,,2012-09,0.26,-0.0025,0.26,2012-09,0.2575,-0.0025,0.2575,0.255,539.60M,546.40M,,Restated
2012-06,1.087B,1.087B,626.00M,461.00M,204.00M,,44.00M,6.00M,-38.00M,,204.00M,257.00M,6.00M,44.00M,-38.00M,,-38.00M,219.00M,60.00M,162.00M,-1.00M,,161.00M,162.00M,349.00M,,2012-06,0.2975,-0.0025,0.2975,2012-06,0.2925,-0.0025,0.2925,0.2925,544.40M,551.20M,,Restated
2012-03,1.097B,1.097B,653.00M,444.00M,205.00M,,43.00M,,-43.00M,,205.00M,239.00M,,43.00M,-43.00M,,-43.00M,196.00M,67.00M,132.00M,0.00,,132.00M,132.00M,326.00M,,2012-03,0.2375,0.00,0.2375,2012-03,0.235,0.00,0.235,0.235,554.80M,562.00M,,Restated
2011-12,1.113B,1.113B,625.00M,488.00M,213.00M,0.00,44.00M,0.00,-44.00M,,213.00M,275.00M,0.00,44.00M,-44.00M,0.00,-44.00M,231.00M,86.00M,149.00M,-6.00M,,143.00M,149.00M,361.00M,,2011-12,0.2659,-0.0107,0.2659,2011-12,0.2659,-0.0107,0.2659,0.2552,560.40M,560.40M,,Restated
2011-09,1.063B,1.063B,631.00M,432.00M,189.00M,-24.00M,45.00M,0.00,-45.00M,,189.00M,243.00M,0.00,45.00M,-45.00M,-24.00M,-45.00M,174.00M,55.00M,127.00M,0.00,,127.00M,143.41M,305.00M,,2011-09,0.225,0.00,0.2541,2011-09,0.2225,0.00,0.2513,0.2225,564.40M,570.40M,,Restated
2011-06,1.065B,1.065B,624.00M,441.00M,190.00M,-60.00M,49.00M,,-49.00M,,190.00M,251.00M,,49.00M,-49.00M,-60.00M,-49.00M,142.00M,49.00M,97.00M,-7.00M,,90.00M,136.30M,279.00M,,2011-06,0.17,-0.0125,0.2389,2011-06,0.1675,-0.0125,0.2356,0.155,570.00M,576.80M,,Restated
2011-03,1.048B,1.048B,624.00M,424.00M,203.00M,,45.00M,,-45.00M,,203.00M,221.00M,,45.00M,-45.00M,,-45.00M,176.00M,64.00M,114.00M,-2.00M,,112.00M,114.00M,306.00M,,2011-03,0.195,-0.0025,0.195,2011-03,0.1925,-0.0025,0.1925,0.19,583.60M,590.80M,,Restated
2010-12,1.078B,1.078B,613.00M,465.00M,198.00M,-26.00M,58.00M,,-48.00M,,198.00M,267.00M,,58.00M,-48.00M,,-48.00M,193.00M,77.00M,119.00M,-3.00M,,116.00M,134.63M,338.00M,,2010-12,0.2025,-0.005,0.2289,2010-12,0.20,-0.005,0.2261,0.195,592.00M,598.40M,,Restated
2010-09,1.025B,1.025B,589.00M,436.00M,185.00M,0.00,49.00M,,-49.00M,,185.00M,251.00M,,49.00M,-49.00M,,-49.00M,202.00M,73.00M,134.00M,-2.00M,,132.00M,134.00M,336.00M,,2010-09,0.225,-0.005,0.225,2010-09,0.2225,-0.005,0.2225,0.2175,598.80M,603.60M,,
2010-06,1.022B,1.022B,586.00M,436.00M,185.00M,0.00,46.00M,,-46.00M,,185.00M,251.00M,,46.00M,-46.00M,,-46.00M,205.00M,78.00M,130.00M,-3.00M,,127.00M,130.00M,334.00M,,2010-06,0.215,-0.005,0.215,2010-06,0.2125,-0.005,0.2125,0.2075,605.60M,610.40M,,
2010-03,1.008B,1.008B,598.00M,410.00M,172.00M,,45.00M,,-45.00M,,172.00M,238.00M,,45.00M,-45.00M,,-45.00M,193.00M,73.00M,123.00M,-2.00M,,121.00M,123.00M,322.00M,,2010-03,0.2025,-0.0025,0.2025,2010-03,0.20,-0.0025,0.20,0.1975,610.00M,614.80M,,Restated
2009-12,1.062B,1.062B,611.00M,451.00M,195.00M,,59.00M,,-51.00M,,195.00M,256.00M,,59.00M,-51.00M,,-51.00M,205.00M,79.00M,128.00M,-10.00M,,118.00M,128.00M,349.00M,,2009-12,0.2075,-0.0175,0.2075,2009-12,0.2075,-0.0175,0.2075,0.19,614.40M,618.00M,,Restated
2009-09,992.00M,992.00M,579.00M,413.00M,182.00M,,52.00M,,-52.00M,,182.00M,231.00M,,52.00M,-52.00M,,-52.00M,179.00M,60.00M,124.00M,-9.00M,,115.00M,124.00M,315.00M,,2009-09,0.20,-0.0125,0.20,2009-09,0.1975,-0.0125,0.1975,0.185,615.60M,620.80M,,Restated
2009-06,1.00B,1.00B,590.00M,410.00M,176.00M,,55.00M,,-55.00M,,176.00M,234.00M,,55.00M,-55.00M,,-55.00M,179.00M,68.00M,115.00M,25.00M,,140.00M,115.00M,317.00M,,2009-06,0.185,0.04,0.185,2009-06,0.185,0.04,0.185,0.225,620.00M,623.20M,,Restated
2009-03,1.023B,1.023B,600.00M,423.00M,198.00M,,54.00M,,-54.00M,,198.00M,225.00M,,54.00M,-54.00M,,-54.00M,171.00M,66.00M,106.00M,-3.00M,,103.00M,106.00M,306.00M,,2009-03,0.17,-0.005,0.17,2009-03,0.17,-0.005,0.17,0.165,622.00M,624.00M,,Restated
2008-12,909.00M,909.00M,490.00M,419.00M,182.00M,-40.00M,,,,,163.00M,256.00M,,,,-43.00M,,137.00M,57.00M,83.00M,-21.00M,,62.00M,109.00M,322.00M,,2008-12,0.1325,-0.03,0.1736,2008-12,0.1325,-0.03,0.1736,0.1025,632.40M,633.20M,,Restated
2008-09,1.08B,1.08B,662.00M,418.00M,204.00M,19.00M,,,,19.00M,223.00M,195.00M,,,,22.00M,,176.00M,105.00M,74.00M,4.00M,,78.00M,61.65M,285.00M,,2008-09,0.1125,0.0075,0.0935,2008-09,0.1125,0.0075,0.0937,0.12,650.00M,655.20M,,
2008-06,1.292B,1.292B,849.00M,443.00M,216.00M,,61.00M,,-61.00M,,216.00M,227.00M,,61.00M,-61.00M,,-61.00M,166.00M,64.00M,102.00M,-2.00M,,100.00M,102.00M,323.00M,,2008-06,0.155,-0.0025,0.155,2008-06,0.155,-0.0025,0.155,0.15,653.60M,659.20M,,Restated
2008-03,1.31B,1.31B,872.00M,438.00M,212.00M,,,,,,212.00M,226.00M,,,,,,158.00M,61.00M,97.00M,232.00M,,329.00M,97.00M,316.00M,,2008-03,0.1475,0.355,0.1475,2008-03,0.145,0.35,0.145,0.4975,656.00M,661.60M,,
2007-12,1.105B,1.105B,754.00M,351.00M,169.00M,,,,,,169.00M,182.00M,,,,,,128.00M,55.00M,91.00M,5.00M,,96.00M,91.00M,223.00M,,2007-12,0.1375,0.0075,0.1375,2007-12,0.1375,0.0075,0.1375,0.145,656.80M,664.40M,,Restated
2007-09,924.00M,924.00M,612.00M,312.00M,120.00M,,,,,,120.00M,192.00M,,,,,,180.00M,68.00M,112.00M,9.00M,,121.00M,112.00M,243.00M,,2007-09,0.17,0.015,0.17,2007-09,0.1675,0.0125,0.1675,0.1825,658.80M,666.40M,,
2007-06,939.00M,939.00M,624.00M,315.00M,133.00M,,,,,,133.00M,182.00M,,,,,,171.00M,66.00M,105.00M,3.00M,,108.00M,105.00M,240.00M,,2007-06,0.1575,0.005,0.1575,2007-06,0.155,0.005,0.155,0.16,669.60M,679.60M,,
2007-03,1.219B,1.219B,869.00M,350.00M,157.00M,,,,,,157.00M,193.00M,,,,,,185.00M,71.00M,114.00M,,,114.00M,114.00M,236.00M,,2007-03,0.15,0.0175,0.15,2007-03,0.1475,0.0175,0.1475,0.165,680.00M,690.40M,,
2006-12,323.67M,323.67M,136.25M,187.42M,66.29M,,,,,,66.29M,121.13M,,,,,,110.21M,42.76M,67.45M,38.58M,,106.03M,67.45M,185.21M,,2006-12,0.10,0.055,0.10,2006-12,0.0975,0.055,0.0975,0.1525,688.44M,699.16M,,
2006-09,1.123B,1.123B,802.23M,320.28M,139.90M,,,,,,139.90M,180.38M,,,,,,168.80M,63.64M,105.16M,4.932M,,110.09M,105.16M,227.79M,,2006-09,0.1525,0.0075,0.1525,2006-09,0.15,0.0075,0.15,0.1575,693.70M,703.50M,,
2006-06,1.057B,1.057B,743.36M,314.14M,137.57M,,,,,,137.57M,176.57M,,,,,,166.22M,61.64M,104.58M,13.09M,,117.67M,104.58M,216.71M,,2006-06,0.15,0.0175,0.15,2006-06,0.1475,0.0175,0.1475,0.165,700.45M,710.20M,,
2006-03,1.097B,1.097B,758.06M,338.61M,145.65M,,,,,,145.65M,192.95M,,,,,,186.85M,70.64M,116.21M,,,116.21M,116.21M,240.32M,,2006-03,0.1625,0.00,0.1625,2006-03,0.16,0.00,0.16,0.16,717.40M,727.13M,,
2005-12,259.82M,259.82M,114.76M,145.05M,29.83M,43.55M,,,,,29.83M,115.22M,,,,43.55M,,146.14M,55.12M,91.02M,59.02M,,150.04M,63.90M,161.77M,,2005-12,0.1275,0.0775,0.0906,2005-12,0.125,0.075,0.0885,0.20,734.13M,742.41M,,
2005-09,1.012B,1.012B,710.47M,301.18M,129.66M,,,,,,129.66M,171.52M,,,,,,168.09M,58.75M,109.34M,3.60M,,112.94M,109.34M,215.80M,,2005-09,0.145,0.005,0.145,2005-09,0.145,0.005,0.145,0.15,749.62M,758.70M,,
2005-06,996.43M,996.43M,682.87M,313.56M,126.31M,,,,,,126.31M,187.24M,,,,,,185.96M,71.97M,114.00M,,,114.00M,114.00M,232.39M,,2005-06,0.15,0.00,0.15,2005-06,0.1475,0.00,0.1475,0.1475,763.52M,772.91M,,
2005-03,973.11M,973.11M,661.90M,311.22M,123.20M,43.45M,,,,,123.20M,188.02M,,,,43.45M,,227.81M,88.16M,139.64M,-0.619M,,139.03M,113.01M,231.04M,,2005-03,0.18,0.00,0.1456,2005-03,0.1775,0.00,0.1434,0.1775,773.53M,781.98M,,
2004-12,966.40M,966.40M,472.19M,494.21M,283.52M,,,,,,331.60M,162.61M,,,,,,158.03M,59.23M,98.80M,-1.346M,,97.45M,98.80M,210.68M,,2004-12,0.1275,-0.0025,0.1275,2004-12,0.125,-0.0025,0.125,0.1225,779.94M,788.93M,,
2004-09,934.69M,934.69M,247.26M,687.43M,469.29M,,,,,,513.73M,173.70M,,,,,,169.30M,65.01M,104.30M,-11.94M,,92.36M,104.30M,218.14M,,2004-09,0.1325,-0.015,0.1325,2004-09,0.1325,-0.015,0.1325,0.1175,781.34M,789.89M,,
2004-06,919.77M,919.77M,242.84M,676.94M,468.08M,,,,,,515.02M,161.91M,,,,,,157.43M,61.33M,96.10M,-1.061M,,95.03M,96.10M,208.85M,,2004-06,0.1225,-0.0025,0.1225,2004-06,0.1225,-0.0025,0.1225,0.12,780.20M,789.52M,,
2004-03,908.88M,908.88M,372.04M,536.84M,329.59M,,,,,,375.50M,161.34M,,,,,,156.61M,60.90M,95.71M,-2.911M,,92.80M,95.71M,207.25M,,2004-03,0.1225,-0.0025,0.1225,2004-03,0.1225,-0.0025,0.1225,0.1175,778.22M,788.25M,,
2003-12,729.02M,729.02M,,,-126.42M,,,,,,-81.63M,128.87M,,,,,,124.24M,48.45M,75.78M,,,81.97M,75.78M,173.66M,,2003-12,0.0375,0.0675,0.0375,2003-12,0.0375,0.0675,0.0375,0.105,775.91M,782.21M,,
2003-09,785.96M,785.96M,,,606.00M,,,,,,649.67M,136.30M,,,,,,131.82M,51.41M,80.41M,,,80.41M,80.41M,179.96M,,2003-09,0.105,0.00,0.105,2003-09,0.1025,0.00,0.1025,0.1025,774.50M,786.11M,,
2003-06,738.62M,738.62M,180.77M,557.85M,385.80M,,,,,,425.79M,132.06M,,,,,,128.59M,50.15M,78.44M,,,78.44M,78.44M,172.04M,,2003-06,0.1025,0.00,0.1025,2003-06,0.10,0.00,0.10,0.10,773.18M,783.24M,,
2003-03,707.50M,707.50M,167.94M,539.56M,377.56M,,,,,,414.96M,124.60M,,,,,,121.62M,47.43M,74.19M,,,74.19M,74.19M,162.00M,,2003-03,0.0975,0.00,0.0975,2003-03,0.095,0.00,0.095,0.095,768.55M,778.98M,,
2002-12,489.37M,489.37M,-210.33M,699.69M,535.80M,,,,,,594.59M,105.10M,,,,,,100.69M,39.27M,61.42M,,,68.23M,61.42M,163.89M,,2002-12,0.0825,0.01,0.0825,2002-12,0.08,0.0075,0.08,0.09,766.90M,766.90M,,
2002-09,635.67M,635.67M,230.46M,405.22M,269.24M,0.426M,,,,,295.39M,109.82M,,,,0.426M,,108.44M,42.29M,66.15M,,,66.15M,65.89M,145.10M,,2002-09,0.085,0.00,0.0847,2002-09,0.085,0.00,0.0847,0.085,768.19M,768.19M,,
2002-06,632.43M,632.43M,187.07M,445.36M,309.27M,0.567M,,,,,334.49M,110.86M,,,,0.567M,,109.25M,42.61M,66.64M,,,66.64M,66.30M,145.34M,,2002-06,0.0875,0.00,0.0870,2002-06,0.085,0.00,0.0846,0.085,765.68M,781.90M,,
2002-03,632.84M,632.84M,146.04M,486.80M,343.74M,,,,,,377.37M,109.43M,,,,,,106.74M,41.63M,65.11M,,,65.11M,65.11M,143.07M,,2002-03,0.085,0.00,0.085,2002-03,0.0825,0.00,0.0825,0.0825,762.68M,780.61M,,
2001-12,557.18M,557.18M,357.29M,199.89M,40.46M,,,,,,104.99M,94.90M,,,,,,88.06M,35.22M,52.83M,,,52.83M,52.83M,159.43M,,2001-12,0.0575,0.0125,0.0575,2001-12,0.0575,0.0125,0.0575,0.07,762.67M,762.67M,,
2001-09,539.23M,539.23M,190.24M,348.99M,231.34M,1.00M,,,,,259.78M,89.22M,,,,1.00M,,87.71M,35.08M,52.63M,,,52.63M,52.03M,125.88M,,2001-09,0.07,0.00,0.0692,2001-09,0.0675,0.00,0.0667,0.0675,747.78M,779.69M,,
2001-06,543.62M,543.62M,160.76M,382.86M,266.85M,1.506M,,,,,294.49M,88.38M,,,,1.506M,,86.65M,34.66M,51.99M,,,51.99M,51.09M,124.06M,,2001-06,0.0700,0.00,0.0688,2001-06,0.0684,0.00,0.0672,0.0684,745.86M,764.62M,,
2001-03,527.65M,527.65M,157.40M,370.25M,256.55M,1.821M,,,,,283.65M,86.60M,,,,1.821M,,84.61M,33.84M,50.76M,,,50.76M,49.67M,122.31M,,2001-03,0.0684,0.00,0.0669,2001-03,0.0667,0.00,0.0653,0.0667,744.28M,763.02M,,
2000-12,434.58M,434.58M,111.53M,323.05M,206.58M,1.983M,,,,,245.31M,77.74M,,,,1.983M,,74.74M,30.64M,44.10M,,,44.10M,42.91M,116.47M,,2000-12,0.06,0.00,0.0584,2000-12,0.0583,0.00,0.0568,0.0583,742.32M,762.92M,,
2000-09,406.19M,406.19M,95.29M,310.90M,198.62M,2.907M,,,,,232.68M,78.22M,,,,2.907M,,75.84M,31.09M,44.74M,,,44.74M,43.00M,112.28M,,2000-09,0.06,0.00,0.0576,2000-09,0.0583,0.00,0.0560,0.0583,740.60M,762.27M,,
2000-06,416.43M,416.43M,97.14M,319.29M,198.03M,2.928M,,,,,239.91M,79.39M,,,,2.928M,,76.32M,31.29M,45.03M,,,45.03M,43.27M,121.26M,,2000-06,0.0617,0.00,0.0593,2000-06,0.06,0.00,0.0577,0.06,737.95M,758.41M,,
2000-03,396.40M,396.40M,93.70M,302.70M,189.57M,,,,,,223.75M,78.95M,,,,,,73.15M,29.99M,43.16M,,,43.16M,43.16M,113.13M,,2000-03,0.0584,0.00,0.0584,2000-03,0.0567,0.00,0.0567,0.0567,735.36M,752.88M,,
1999-12,374.54M,374.54M,72.33M,302.22M,182.93M,,,,,,236.83M,65.38M,,,,,,59.18M,24.31M,34.87M,,,34.87M,34.87M,119.29M,,1999-12,0.0483,0.00,0.0483,1999-12,0.0466,0.00,0.0466,0.0466,722.81M,752.55M,,
1999-09,352.70M,352.70M,94.30M,258.40M,171.20M,,,,,,193.70M,64.70M,,,,,,59.70M,24.50M,35.20M,,,35.20M,35.20M,87.20M,,1999-09,0.0484,0.00,0.0484,1999-09,0.0467,0.00,0.0467,0.0467,727.91M,753.91M,,
1999-06,343.30M,343.30M,96.40M,246.90M,163.60M,,,,,,184.30M,62.60M,,,,,,58.20M,23.90M,34.30M,,,34.30M,34.30M,83.30M,,1999-06,0.0467,0.00,0.0467,1999-06,0.0450,0.00,0.0450,0.0450,734.63M,761.84M,,
1999-03,337.13M,337.13M,94.60M,242.53M,159.50M,,,,,,181.90M,60.63M,,,,,,56.60M,23.20M,33.40M,,,33.40M,33.40M,83.03M,,1999-03,0.0450,0.00,0.0450,1999-03,0.0434,0.00,0.0434,0.0434,741.85M,770.38M,,
1998-12,339.10M,339.10M,104.50M,234.60M,157.70M,,,,,,175.00M,59.60M,,,,,,50.10M,20.50M,29.60M,,,29.60M,29.60M,76.90M,,1998-12,0.0399,0.00,0.0399,1998-12,0.0383,0.00,0.0383,0.0383,740.49M,777.31M,,
1998-09,309.50M,309.50M,96.60M,212.90M,143.00M,2.10M,,,,,162.10M,50.80M,,,,2.10M,,49.00M,20.10M,28.90M,,,28.90M,27.64M,72.90M,,1998-09,0.0384,0.00,0.0367,1998-09,0.0384,0.00,0.0367,0.0384,753.54M,753.54M,,
1998-06,311.20M,311.20M,97.50M,213.70M,144.30M,,,,,,160.90M,52.80M,,,,,,48.60M,19.90M,28.70M,,,28.70M,28.70M,69.40M,,1998-06,0.0384,0.00,0.0384,1998-06,0.0367,0.00,0.0367,0.0367,748.32M,782.34M,,
